2634 3992
1280 370 1337 425 S.
1410 413 1416 419 .
2049 368 2132 433 81

474 541 701 614 perer,
783 543 1140 610 esperance,
1221 524 1438 609 esprit,
1514 542 1755 606 espece,
1831 522 2126 606 ‚respit-er,

387 700 393 706 ,
498 630 691 694 immo
731 646 1059 710 nunquam
1089 623 1364 709 quiescit
1407 622 1753 688 dictionem
1794 620 2125 701 inchoans,

470 734 571 794 ‘ut
625 726 1081 812 specialement,
1128 723 1433 810 spirituel.
1497 722 1791 788 Dicimus
1834 731 2053 787 tamen
2095 744 2129 785 s

500 828 875 915 quiescente
931 848 1137 911 espee,
1173 847 1465 911 &per-on,
1507 826 1733 888 eser-ire
1774 847 1919 890 cum
1964 825 2129 891 deri-

496 931 665 996 vatis
687 980 704 1012 ,
760 949 1066 1015 espouser
1118 926 1415 1010 (uxorem
1468 925 1730 1011 ducere>
1775 948 1923 992 cum
1967 926 2131 994 deri-

497 1030 666 1097 vatis
686 1082 701 1111 ,
751 1026 1099 1116 respondre
1131 1027 1587 1113 (respondere)
1630 1049 1776 1093 cum
1804 1027 2128 1113 derivatiS,

497 1153 662 1218 quae
705 1131 849 1217 ipso
894 1151 1018 1194 usu
1061 1128 1413 1195 discuntur.

629 1231 711 1298 In
780 1253 857 1316 sq
921 1236 1030 1294 aut
1083 1251 1335 1315 semper
1390 1236 1499 1293 aut
1556 1236 1728 1293 certe
1777 1230 2131 1318 plerunque

495 1331 977 1421 pronuntiatur,
1035 1336 1107 1393 ut
1150 1331 1433 1415 iusques,
1485 1331 1819 1414 morisque,
1869 1354 2130 1417 praece-

496 1433 691 1499 dente
751 1435 775 1494 i
821 1429 929 1496 vel
973 1451 1014 1490 u
1057 1428 1411 1495 vocalibus.
1497 1428 1933 1499 Praecedente
1976 1458 2128 1503 vero

499 1556 537 1597 e
580 1530 888 1617 quiescit,
934 1536 1006 1593 ut
1049 1550 1335 1614 evesque.

628 1633 712 1697 In
776 1641 840 1695 st
900 1630 1324 1717 praecedente
1391 1654 1430 1693 a
1474 1629 1750 1715 quiescit
1805 1641 1913 1697 aut
1957 1657 2124 1701 sem-

495 1753 619 1819 per
648 1741 757 1799 aut
775 1732 1149 1818 plerunque,
1175 1738 1247 1794 ut
1259 1740 1485 1817 gasler
1497 1733 1828 1815 (vastare),
1846 1744 2128 1821 gasteau

475 1831 787 1918 (libum),
835 1841 1093 1895 rasteau
1137 1829 1491 1917 (rastrum),
1541 1840 1755 1916 peste,
1796 1839 2126 1920 pasticier,

500 1942 837 2020 empaster,
892 1932 1036 1996 basi
1074 1932 1385 2017 (clitellae
1430 1930 1653 2019 asini),
1699 1932 1893 1997 bas-tir
1923 1936 2129 2021 (aedi-

495 2032 743 2118 ficare),
792 2033 965 2099 unde
1008 2056 1138 2100 vox
1178 2032 1684 2100 Provincialium
1727 2033 1969 2101 bastide
2020 2061 2130 2104 ex-

496 2156 734 2221 pressa
806 2133 993 2200 litera
1064 2156 1117 2218 S,
1195 2134 1443 2216 haslon,
1513 2134 1680 2200 unde
1745 2139 2130 2206 vocabulum

468 2233 1086 2303 ·Italico-Gal]icum
1131 2233 1494 2314 bastonade,
1537 2234 1607 2298 in
1650 2256 1776 2319 quo
1823 2258 1855 2299 s
1902 2248 2104 2304 sonat.

624 2336 1063 2402 Praecedente
1138 2357 1291 2400 vero
1373 2335 1767 2422 diphthongo
1839 2339 1908 2399 ai
1993 2341 2131 2423 qui-

478 2422 663 2501 'escit
684 2485 702 2518 ,
748 2445 819 2501 ut
861 2438 1138 2518 maistre,
1185 2440 1453 2522 paistre.
1542 2434 1672 2504 Sed
1711 2444 1929 2503 tamen
1972 2439 2130 2506 dici-

474 2557 641 2600 -mus
660 2545 954 2622 pasteur,
1000 2557 1033 2599 s
1078 2559 1423 2624 expresse,
1466 2560 1583 2623 pro
1630 2560 1754 2622 quo
1799 2538 1869 2603 in
1898 2540 2129 2608 Alver-

474 2635 613 2699 ‘nia
676 2635 894 2703 dicunt
951 2657 984 2699 s
1052 2637 1424 2722 quiescente
1479 2641 1723 2726 pastre.
1814 2638 1925 2708 Sic
1989 2645 2130 2728 qui-

501 2735 668 2799 escit
724 2734 793 2798 in
822 2743 1223 2820 pastoureau
1265 2748 1329 2805 et
1370 2740 1439 2805 in
1463 2741 1819 2826 pastor-elle
1860 2745 2130 2814 auditur.

626 2833 1065 2900 Praecedente
1116 2859 1150 2900 e
1206 2860 1239 2900 s
1285 2841 1588 2924 quiescit,
1634 2851 1706 2907 ut
1750 2852 1933 2924 estre,
1980 2856 2131 2926 este,

502 2933 695 3017 hesic,
739 2935 942 3017 feste,
998 2945 1236 3001 arreste
1278 2937 1502 3025 (spina
1540 2943 1793 3028 piscis),
1839 2956 2132 3029 arrester,

475 3076 485 3097 f
486 3046 733 3123 preste,
771 3043 1124 3122 apprester,
1161 3045 1335 3101 teste.
1401 3037 1650 3126 Excipe
1686 3052 1892 3129 geste,
1922 3056 2132 3130 peste,

473 3146 692 3219 ·reste,
738 3136 1012 3202 moleste.

634 3235 1074 3303 Praecedente
1088 3239 1112 3301 i
1127 3239 1593 3328 pronuntiatur,
1616 3250 1687 3307 ut
1709 3245 1888 3309 'niele
1913 3246 2131 3329 (homo

494 3336 770 3445 *elegans
787 3391 804 3425 ,
838 3339 1080 3425 lautus,
1119 3341 1516 3428 concinnus),
1548 3345 1813 3428 minere,
1859 3348 2133 3435 mistion,

1793 3450 1825 3501 6
