2634 3992
749 367 860 422 Uei.
968 367 1044 419 De
1080 365 1248 418 literis
1285 365 1691 433 quiescentibus.
1965 364 2049 429 63

424 520 777 609 grenouille
808 518 1050 603 (rana),
1087 515 1441 602 quenouz‘lle
1481 515 1722 600 (colus)
1782 526 1845 582 et
1874 516 2054 581 simi·

428 622 531 703 lia,
587 643 797 708 neque
838 642 1147 702 veremur,
1201 641 1284 683 ne
1330 617 1471 703 quis
1516 618 1644 682 ista
1685 618 2052 703 pronuntiet

410 723 754 804 so-vi-ller,
766 720 1314 807 mo-vi-ller,gre—n
1322 719 1580 802 o-vi-lle,
1595 719 2048 805 que-no-vi-lle.

430 822 563 890 Sed
611 845 731 908 ego
778 822 1032 906 quidem
1076 822 1294 887 videre
1346 844 1447 887 me
1489 844 1620 886 non
1661 842 1858 906 posse
1900 842 2049 906 pro-

429 926 633 1005 fiteor,
690 945 801 989 cur
845 924 1250 989 scribendum
1295 923 1381 987 sit
1423 921 1636 985 dueuil
1670 922 1942 1006 (luctus)
1988 931 2056 988 et
2091 930 2096 935 '

427 1026 590 1089 vueil
641 1025 984 1110 (volitum),
1053 1049 1246 1111 quum
1294 1025 1511 1089 nullus
1574 1024 1681 1089 hic
1736 1024 1820 1089 sit
1868 1047 2048 1110 pror·

429 1149 539 1193 sus
568 1127 748 1192 locus
781 1130 805 1190 i
843 1127 1072 1207 vocali,
1116 1149 1327 1212 neque
1367 1136 1441 1190 ut
1478 1126 1789 1211 prolatae,
1833 1147 2046 1210 neque

425 1237 494 1292 ut
570 1228 945 1314 quiescenti.
1045 1228 1214 1293 Nam
1267 1230 1438 1294 clare
1482 1250 1559 1293 ac
1621 1249 1851 1294 sonore
1894 1250 2043 1312 pro-

422 1331 787 1395 nuntiamus
865 1328 1013 1391 deul
1097 1337 1162 1394 et
1240 1331 1420 1411 veut,
1509 1330 1580 1393 in
1646 1329 1877 1414 quibus
1965 1350 2045 1391 eu

425 1431 858 1516 diphthongus
916 1431 1151 1496 usitate
1205 1438 1483 1494 mutatur
1523 1431 1594 1493 in
1638 1451 1721 1492 ou
1765 1428 1834 1491 in
1879 1428 2047 1492 deri-

423 1532 610 1612 vatis,
678 1541 749 1594 ut
818 1529 1086 1613 douloir,
1186 1530 1450 1609 vouloir‚
1534 1530 1703 1595 sicut
1776 1551 1815 1592 a
1889 1525 2047 1589 dou·

425 1634 559 1696 leur
621 1643 684 1696 et
749 1631 1062 1718 langueat·
1127 1631 1469 1697 formamus
1534 1629 1926 1695 douloureux
1984 1638 2049 1695 et

427 1732 844 1820 langoureux.
937 1730 1049 1799 Sic
1094 1733 1385 1819 imperite
1441 1734 1737 1800 scribitur
1803 1732 2051 1819 orgueil

426 1832 779 1919 (superbia)
808 1856 924 1919 pro
957 1836 1244 1921 orgueul,
1292 1858 1333 1897 u
1364 1836 1732 1921 quiescente
1778 1842 1841 1899 et
1885 1834 2045 1899 dun-

424 1943 605 1999 taxat
648 1934 1044 2017 ostendente,
1083 1959 1137 2023 g
1177 1936 1425 2002 literam
1468 1959 1612 2002 esse
1652 1936 1870 2001 nativo
1926 1957 2044 2001 suo

425 2059 583 2103 sono
630 2039 787 2117 (non
830 2045 1043 2102 autem
1079 2060 1195 2124 pro
1224 2037 1266 2120 j
1301 2038 1718 2120 consonante)
1763 2060 2044 2122 pronun-

420 2139 704 2204 tiandam
719 2190 735 2221 ,
778 2147 850 2203 ut
889 2140 960 2204 in
1002 2139 1339 2227 langueur,
1397 2141 1654 2227 rigueur
1708 2147 1771 2204 et
1823 2137 2045 2203 simili-

420 2241 559 2306 bus.
614 2242 869 2309 Inserta
908 2249 1118 2307 autem
1154 2241 1275 2306 fuit
1311 2242 1408 2305 illi
1440 2242 1585 2308 voci
1632 2240 1880 2327 orgueil
1926 2262 2046 2325 per

420 2341 738 2408 inscitiam
794 2343 978 2409 litera
1021 2346 1046 2406 i
1081 2352 1343 2429 propter
1372 2344 1509 2409 eius
1551 2342 1902 2408 derivatum
1944 2363 2045 2403 or-

417 2442 758 2528 gueilleux,
800 2445 910 2510 ubi
947 2453 1163 2510 tamen
1206 2445 1480 2532 quiescit
1532 2452 1597 2509 et
1637 2442 1892 2508 mollem
1937 2464 2044 2507 so-

421 2565 571 2606 num
614 2542 794 2608 illum
838 2545 1113 2631 duplicis
1155 2546 1205 2609 ll
1246 2546 1651 2612 demonstrat.

725 2764 840 2839 De
892 2767 1120 2841 literis
1173 2770 1734 2866 quiescentibus.

548 2949 803 3014 Literas
846 2950 1250 3035 quiescentes
1288 2952 1483 3018 habet
1526 2951 1779 3019 Gallica
1819 2952 2045 3038 lingua

418 3050 860 3118 Hebraeorum
900 3074 1096 3134 more,
1142 3075 1406 3138 quarum
1446 3054 1786 3140 plerasque
1827 3061 2043 3118 tamen

421 3152 749 3239 probabile
829 3161 929 3218 est
1003 3153 1152 3218 olim
1203 3154 1406 3221 fuisse
1462 3153 1906 3241 pronuntiatas
1978 3161 2043 3218 et

418 3255 723 3339 paulatim
768 3277 890 3320 usu
934 3255 1207 3342 quodam
1259 3256 1461 3323 veluti
1502 3255 1781 3338 attritas,
1841 3261 1907 3319 ut
1959 3277 2042 3321 ex

344 3376 345 3379 ¹
422 3375 496 3420 eo
541 3356 742 3442 liquet
786 3357 958 3443 quod
1000 3357 1112 3425 vix
1137 3360 1270 3425 ulla
1299 3368 1400 3426 est
1426 3357 1679 3426 Galliae
1705 3355 2044 3444 provincia
