2634 3992
1322 343 1393 390 1v

547 511 932 599 exemplum,
989 534 1319 600 quousque
1353 511 1702 579 abducatur
1730 512 1959 580 erroris
1972 564 1989 596 ‚
2022 514 2161 601 qui-

546 653 796 718 cunque
819 632 890 696 in
918 633 1346 698 recentiorum
1372 631 1926 718 grammaticorum
1955 633 2162 719 operi-

544 751 665 816 bus
696 750 896 836 prisci
930 749 1242 836 sermonis
1269 749 1581 816 ratio'nem
1625 750 1841 816 doceri
1883 752 2159 817 confidit.

541 869 768 957 Neque
809 869 1012 956 fugiet
1050 893 1408 957 quenquam
1421 917 1439 948 ,
1486 868 1678 934 etiam
1723 869 1817 934 eis
1861 870 1931 934 in
1969 856 2161 937 rebus

542 987 863 1053 interdum
941 1009 1187 1053 errasse
1251 986 1494 1053 Bezam
1573 1009 1736 1074 quae
1800 988 1881 1053 ad
1941 1012 2164 1055 verum

544 1107 1011 1173 dissertationis
1049 1116 1486 1193 argumentum
1512 1107 1779 1193 propius
1821 1109 2160 1194 pertinent,

542 1234 614 1292 ut
653 1226 764 1292 ubi
808 1226 887 1291 de
933 1226 1305 1293 accentibus
1351 1228 1609 1307 tr‘actat3
1656 1226 1765 1291 ubi
1809 1225 2163 1294 Carnutum

540 1346 866 1432 propriam
929 1343 1409 1432 participiorum
1472 1345 1541 1409 in
1609 1367 1685 1408 eu
1739 1345 2163 1413 desinentium

539 1463 1123 1551 pronuntiationem
1176 1463 1585 1550 reprehendit
1600 1512 1619 1546 ‚
1670 1487 1862 1551 quam
1915 1465 2023 1531 ille
2064 1466 2163 1531 vi-

539 1583 954 1650 tiosissimam
1024 1583 1212 1665 dicit,
1268 1582 1609 1668 genuinam
1661 1606 1783 1651 nos
1837 1606 1982 1651 esse
2038 1584 2162 1651 sci-

539 1725 714 1783 mus3
746 1703 874 1784 ubi,
923 1724 1288 1789 quanquam
1332 1725 1523 1768 unam
1564 1711 1812 1768 tantum
1856 1704 2163 1789 syllabam

541 1821 825 1888 cuiusvis
857 1821 1156 1887 vocabuli
1187 1816 1456 1907 produci
1480 1831 1670 1887 antea
1691 1823 1927 1905 docuit,
1949 1831 2162 1888 tamen

543 1940 896 2027 spondaica
924 1939 1080 2006 dicit
1108 1940 1424 2006 vocabula
1454 1941 1798 2027 quaedam;
1826 1941 1965 2022 ubi,
2010 1941 2163 2008 licet

538 2059 683 2145 ipse
710 2058 906 2136 kosle,
953 2058 1067 2122 isle
1098 2059 1369 2142 scribat,
1415 2080 1448 2123 s
1477 2082 1756 2146 unquam
1787 2059 2161 2125 antecedere

539 2176 566 2240 l
613 2177 864 2249 literam
916 2187 1127 2269 negat.
1229 2177 1657 2244 Nihilominus
1715 2177 2161 2264 dignissimum

537 2296 697 2363 mihi
753 2296 1012 2383 quidem
1052 2296 1262 2363 Bezae
1320 2297 1695 2384 opusculum
1747 2297 2001 2362 videtur
2052 2298 2160 2384 qui

539 2440 580 2481 a
610 2415 872 2502 linguae
899 2414 1424 2502 Francogallicae
1450 2415 1821 2481 vetustioris
1855 2416 2161 2484 studiosis

538 2538 817 2624 legatur3
863 2559 1072 2624 neque
1108 2557 1303 2622 quum
1331 2533 1777 2602 Ferdinandus
1806 2533 2161 2604 Schneider

540 2658 620 2722 de
687 2655 1158 2743 opportunitate
1211 2676 1419 2719 novae
1471 2652 1802 2720 faciendae
1861 2655 2159 2722 editionis

454 2805 459 2810 ·
536 2798 641 2840 me
702 2773 1163 2854 consuluisset,
1220 2794 1353 2836 non
1401 2771 1662 2838 laudare
1703 2774 1886 2860 potui
1929 2774 2159 2841 alacris

537 2893 660 2959 viri
686 2892 1112 2980 propositum,
1157 2898 1459 2977 expertus
1491 2900 1556 2956 et
1581 2891 1753 2979 ipse,
1798 2916 1989 2979 quam
2015 2914 2160 2958 rara

540 3036 656 3100 per
670 3011 1091 3079 bibliothecas
1103 3010 1504 3098 reperiantur
1524 3010 1726 3077 libelli
1750 3011 2154 3097 exemplaria.

541 3130 671 3200 Sed
745 3153 876 3197 non
941 3129 1329 3210 sufficiebat,
1414 3129 1880 3196 dissertationis
1939 3129 2152 3211 verba,

540 3249 753 3335 qualia
813 3249 987 3336 typis
1039 3247 1366 3314 Eustathii
1435 3246 1693 3334 Vignon
1748 3245 2152 3315 Genevensis

539 3388 706 3432 anno
759 3364 1254 3434 MDLXXXIV
1323 3386 1628 3449 expressa
1689 3373 1895 3446 erant,
1962 3387 2153 3451 quam
