2634 3992
567 371 652 437 32
1104 369 1182 424 De
1220 369 1655 424 consonantibus.

554 533 675 590 tur
728 524 1013 611 proxime
1066 523 1491 607 praecedente
1549 525 1590 602 ι’,
1643 544 1805 607 quae
1850 522 2095 588 vocalis
2142 522 2201 588 si

579 626 720 693 sola
744 626 963 708 fuerit,
996 645 1225 691 sonum
1254 646 1440 689 suum
1470 631 1715 705 servat,
1760 630 1832 687 ut
1860 621 2003 687 bille
2033 623 2203 709 (glo-

577 727 821 812 bulus),
844 723 1152 811 fondrille
1195 724 1452 808 (sordes
1494 724 1565 789 in
1589 724 1787 790 fundo
1807 725 2201 810 haerentes),

555 826 702 915 fille
733 826 945 912 (filia),
982 824 1174 913 grille
1217 824 1605 910 (craticula),
1629 825 1998 907 four-millet·
2044 826 2204 909 (for-

571 929 880 996 micarum
928 929 1132 993 instar
1183 926 1551 1013 pullulare),
1610 926 1865 991 chenille
1921 926 2202 1012 (eruca),

562 1029 756 1117 piller
787 1028 1164 1114 (populari),
1199 1028 1389 1115 que'lle
1420 1027 1692 1114 (lignum
1721 1027 2057 1114 parvulum
2083 1051 2206 1115 py-

576 1129 842 1198 ramidis
872 1129 1076 1195 instar
1106 1128 1437 1212 effictum),
1460 1128 1632 1192 siller
1660 1128 1985 1214 (nictare),
2018 1129 2207 1193 sillon

577 1231 828 1316 (sulcus
856 1230 926 1296 in
955 1253 1026 1295 re
1068 1230 1310 1296 rustica
1328 1281 1345 1312 ,
1392 1231 1531 1296 sive
1571 1230 1879 1316 merges).
1951 1229 2211 1317 Excipe

576 1332 925 1399 dictionem
989 1331 1241 1397 unicam
1296 1329 1439 1395 ville
1493 1354 1609 1417 pro
1667 1331 1890 1415 urbe,
1956 1333 2026 1397 in
2082 1355 2211 1418 qua

579 1441 766 1500 sonat
822 1431 847 1494 l
897 1432 1250 1518 singulare,
1307 1433 1404 1499 sic
1462 1433 1731 1520 scripta,
1786 1442 1857 1498 ut
1900 1457 1940 1498 a
1982 1433 2210 1500 foemi-

576 1535 733 1601 nino
786 1533 1106 1600 adiectivo
1167 1535 1287 1598 vile
1330 1534 1542 1620 (vilis)
1586 1534 2002 1601 discernatur.
2092 1533 2213 1603 Sin

583 1644 799 1702 autem
837 1634 1126 1701 vocalem
1169 1636 1195 1696 i
1230 1636 1576 1721 praecedat
1618 1635 1745 1701 alia
1789 1657 2211 1722 quaecunque

583 1736 726 1804 sive
791 1736 1066 1823 simplex
1135 1734 1273 1801 sive
1341 1736 1412 1800 in
1477 1737 1871 1823 diphthongo
1888 1787 1904 1818 ,
1987 1745 2126 1803 tum
2191 1740 2217 1800 i

584 1837 862 1923 quiescit
902 1845 967 1902 et
992 1835 1261 1917 indicat,
1309 1836 1548 1923 duplex
1588 1837 1749 1903 illud
1792 1838 1840 1901 ll
1876 1838 1989 1903 illo
2031 1838 2214 1904 molli

586 1962 745 2007 sono
777 1937 1196 2020 efferendum,
1242 1946 1313 2001 ut
1341 1945 1490 2024 post
1517 1961 1586 2003 a:
1634 1935 1845 2003 baillet·
1876 1940 2211 2026 (tradere),

576 2040 778 2128 paille
832 2040 1092 2127 (palea),
1151 2039 1353 2105 saillir
1398 2039 1662 2123 (salire),
1705 2050 1856 2127 post
1897 2063 1960 2106 e:
2009 2040 2217 2106 veiller

574 2141 930 2228 (vigilare),
979 2139 1193 2204 treillis
1225 2141 1549 2227 (clathra),
1593 2151 1744 2228 post
1773 2164 1887 2207 ou:
1933 2141 2218 2206 mouille-1·

591 2243 1060 2327 (madefacere),
1072 2241 2215 2330 grenouille(rana),bouillirspullire),

590 2355 743 2434 post
770 2368 877 2410 eu:
905 2343 1130 2428 feuille
1171 2345 1476 2431 (folium),
1509 2344 1732 2410 veuille
1760 2343 2038 2429 (velim).
2107 2341 2220 2411 Sic

591 2448 765 2515 enim
802 2447 963 2513 haec
1007 2445 1276 2514 arbitror
1319 2445 1690 2528 scribenda,
1731 2469 1864 2511 non
1908 2453 1979 2509 ut
2020 2444 2215 2530 vulgo

593 2549 805 2616 solent
816 2547 1065 2633 fueille,
1108 2546 1349 2612 vueille.
1424 2545 1616 2628 Quod
1662 2554 1873 2612 autem
1902 2544 2217 2632 Aquitani

594 2659 661 2717 et
694 2671 805 2716 eos
833 2648 1067 2715 imitati
1107 2648 1402 2716 nonnulli
1443 2648 1615 2715 hunc
1659 2670 1887 2715 sonum
1932 2644 2222 2712 scribunt

593 2773 712 2838 per
755 2750 837 2833 lh,
894 2758 967 2815 ut
1019 2746 1250 2825 balber,
1306 2749 1587 2813 moulher
1644 2758 1709 2818 et
1760 2748 2022 2830 similia,
2089 2746 2220 2833 ipsi

588 2851 880 2918 -viderint
925 2873 1051 2937 qua
1089 2850 1338 2917 ratione
1384 2850 1641 2917 faciant.

1289 3005 1523 3080 Mm.

585 3176 593 3185 ·
726 3153 810 3221 M
863 3154 1170 3240 syllabam
1222 3155 1536 3223 inchoans
1592 3177 1745 3220 vero
1808 3162 1871 3219 et
1929 3148 2226 3216 omnibus

590 3254 841 3342 linguis
895 3255 1129 3323 usitato
1173 3278 1331 3324 sono
1378 3255 1764 3344 compressis
1808 3252 2000 3320 labiis
2046 3251 2229 3318 effer-

597 3364 735 3439 tur,
780 3363 850 3423 ut
880 3378 1002 3437 ma,
1031 3378 1146 3440 me,
1189 3360 1289 3434 mi,
1340 3381 1461 3436 mc,
1506 3381 1633 3441 mu,
1679 3355 1992 3443 syllabam
2021 3361 2233 3420 autem
