2634 3992
555 369 637 433 52
1133 366 1212 419 De
1248 364 1609 435 diphthongis,

553 518 769 585 verbis
825 541 987 603 quae
1044 540 1168 583 usu
1217 517 1435 604 potius
1491 540 1682 602 quam
1735 517 1885 582 ullis
1942 516 2186 601 regulis

508 665 527 701 9
557 619 1051 704 dignoscuntur,
1117 629 1189 683 ut
1253 642 1403 682 seur
1468 619 1796 703 (securus)
1862 619 2040 701 (nam
2113 615 2187 681 in

551 744 698 784 seur
719 743 836 806 pro
862 745 892 787 s
908 744 1133 787 orore
1158 720 1591 807 diphthongus
1619 721 1871 805 integra
1899 718 2182 797 auditur3

553 844 666 885 sur
695 845 846 888 vero
876 845 991 908 pro
1023 830 1346 887 austero
1377 830 1642 906 gustu,
1690 829 1755 884 et
1779 843 1897 907 pro
1944 836 2200 904 super‘

552 922 831 1008 simplici
875 947 916 985 ιι
969 924 1289 1007 scribitur)
1335 923 1504 986 unde
1548 930 1756 985 seur-te
1785 920 2185 1006 (securitas),

554 1048 848 1088 asseurer
877 1032 942 1089 et
971 1046 1375 1105 assemano-3,
1406 1024 1590 1109 quasi
1620 1044 1944 1088 assecur
1962 1042 2092 1086 are
2119 1028 2184 1085 et

551 1149 634 1190 as
651 1148 681 1190 s
698 1125 1239 1190 ecurationem
1262 1125 1459 1208 dicas,
1485 1133 1753 1188 mearete
1776 1123 2179 1207 (maturitas),

550 1250 725 1289 meur
768 1226 1135 1310 (maturus).
1179 1226 1270 1290 Et
1295 1226 1367 1290 in
1408 1249 1641 1312 genere
1671 1248 1788 1310 per
1818 1248 1858 1287 ιι
1888 1224 2180 1315 vocalem

550 1326 908 1414 simplicem
954 1349 993 1391 a
1028 1337 1202 1405 recte
1239 1326 1801 1414 pronuntiantibus
1835 1325 2180 1391 efferuntur

549 1451 975 1514 quaecunque
1027 1430 1313 1495 verbalia
1358 1428 1660 1493 desinunt
1699 1427 1769 1490 in
1829 1450 1976 1490 eure
2036 1428 2178 1491 lon-

550 1551 734 1614 gum,
790 1538 862 1592 ut
903 1527 1218 1595 blesseure
1261 1529 1598 1616 (laesura),
1643 1550 1938 1592 casseure
1982 1528 2178 1612 (fi-ac-

547 1631 739 1714 tura)‚
766 1652 996 1692 navreu
1002 1653 1068 1693 re
1081 1632 1512 1718 (vulneratio),
1525 1654 1699 1717 romp
1706 1652 1851 1693 eure
1864 1630 2177 1715 (ruptura)

548 1731 628 1796 ab
691 1731 960 1797 infinitis
1018 1731 1274 1815 blesser,
1332 1756 1568 1812 casser,
1619 1753 1859 1809 ηαυνεν,
1904 1752 2175 1816 rompre.

546 1830 732 1896 Idem
776 1833 1248 1899 observandum
1304 1843 1405 1900 est
1444 1834 1514 1897 in
1568 1832 1858 1898 omnibus
1914 1831 2175 1917 partici-

543 1931 673 2018 piis
738 1933 1064 2018 praeteriti
1120 1935 1433 2022 temporis
1482 1934 1766 2021 passivis
1842 1943 1977 1998 tum
2038 1957 2176 1999 ma—

547 2034 816 2100 sculinis
850 2043 987 2100 tum
1011 2035 1377 2102 foemininis
1406 2036 1476 2100 in
1512 2036 1680 2101 hanc
1711 2034 2178 2120 diphthongum

551 2134 927 2218 terminatis,
967 2145 1040 2200 ut
1069 2160 1146 2201 eu
1179 2138 1506 2221 (habitus),
1540 2159 1654 2200 cue
1684 2136 1951 2219 (habita)
1983 2136 2178 2221 (quas

544 2258 741 2302 voces
771 2237 1024 2302 Aurelii
1063 2246 1127 2303 et
1163 2238 1365 2302 vicini
1395 2237 1710 2305 Carnutes
1752 2236 2175 2302 vitiosissime

545 2337 819 2402 efferunt
890 2361 1007 2424 per
1070 2332 1377 2402 διάλυσιν
1444 2347 1518 2403 eil
1582 2348 1653 2404 ut
1718 2338 2171 2423 dissyllabum)

546 2437 686 2521 beu,
717 2438 869 2503 bene
892 2440 1181 2524 (bibitus,
1209 2439 1325 2522 ta),
1358 2463 1558 2520 recen,
1579 2463 1794 2505 receue
1822 2439 2169 2525 (receptuS,

537 2541 636 2624 ta)
681 2564 845 2622 crea,
880 2564 1062 2605 oreae
1090 2541 1417 2625 (creditus,
1439 2542 1555 2626 ta),
1602 2541 1741 2625 deu,
1777 2542 1934 2607 dene
1963 2542 2175 2630 (debi-

538 2650 665 2723 tus,
709 2642 828 2726 ta),
857 2642 990 2717 len,
1037 2641 1177 2706 leue
1218 2643 1475 2727 (lecum,
1506 2643 1734 2727 lecta),
1788 2668 1950 2727 meu,
1995 2668 2173 2709 meuc

540 2742 802 2826 (motUS‚
833 2744 1056 2827 mota),
1104 2766 1238 2825 seu,
1283 2767 1437 2808 seue
1481 2744 1733 2830 (scitus,
1781 2746 1996 2830 scita),
2047 2755 2169 2823 teu,

539 2853 678 2907 teuc
722 2843 1009 2928 (tacitus,
1055 2846 1176 2930 ta),
1223 2869 1360 2927 ven,
1413 2870 1566 2912 veae
1610 2847 1842 2931 (visus,
1885 2833 2058 2930 visa)
2108 2857 2172 2912 et

539 2945 671 3011 alia
720 2945 1052 3012 eiusmodi.
1138 2947 1324 3013 Idem
1379 2949 1849 3014 observandum
1905 2951 1973 3014 in
2019 2953 2170 3016 sub-

535 3047 807 3114 iunctivi
837 3049 1012 3114 modi
1054 3059 1339 3137 tempore
1382 3051 1776 3137 imperfectO,
1820 3059 1892 3114 ut
1946 3073 2170 3115 seua-se

539 3151 853 3235 (scirem),
894 3174 1079 3217 casse
1102 3153 1472 3236 (haberem),
1508 3175 1672 3238 quae
1704 3160 1917 3216 tamen
1952 3154 2171 3219 omnia

534 3259 670 3314 tum
678 3252 937 3317 nomina
958 3262 1093 3318 tum
1114 3253 1456 3342 participia
1469 3251 1785 3320 Carnutes
1803 3255 1899 3334 (ut
1922 3252 2089 3337 dixi)
2105 3264 2170 3319 et

536 3350 602 3416 N
603 3353 1025 3420 ormannihac
1034 3354 1283 3440 integra
1306 3354 1701 3441 diphthongo
1722 3354 2070 3441 proferunt,
2097 3366 2170 3420 ut
