2634 3992
1054 384 1121 449 V,
1157 399 1208 448 v,
1247 383 1305 448 U,
1347 400 1399 436 u.
1958 386 2036 450 19

421 538 752 624 optimus
777 545 841 603 et
863 544 1250 623 optumus,
1276 535 1662 601 Maximus
1688 543 1752 599 et
1770 533 2039 600 Maxu-

418 662 607 721 mus,
638 663 769 705 non
797 638 909 704 illo
939 637 1163 723 pingui
1193 660 1353 703 sono
1384 660 1511 723 quo
1541 636 1812 702 Romani
1855 657 2041 700 suum

421 762 479 814 ιι,
527 747 591 804 et
634 738 869 806 Graeci
913 739 1296 805 vetustiores
1362 760 1546 802 suum
1588 759 1621 800 ο
1664 732 1905 819 μικρὸν
1951 735 2039 801 ef-

324 833 331 837 *
416 838 731 922 ferebant,
788 840 903 906 sed
947 841 1145 905 altero
1190 839 1302 904 illo
1345 838 1525 903 tenui
1569 837 1936 903 scribebant
1979 845 2041 902 et

419 941 935 1027 pronuntiabant.
1024 940 1331 1008 Germani
1375 948 1715 1026 propterea
1754 938 1925 1003 hanc
1963 937 2042 1002 li-

418 1050 618 1107 teram
669 1044 877 1109 solent
929 1067 967 1106 u
1014 1043 1363 1121 Gallicum,
1422 1042 1499 1106 ab
1556 1040 1668 1106 illo
1724 1039 2040 1105 crassiore

419 1145 590 1229 quod
657 1144 831 1211 Galli
883 1169 1000 1233 per
1065 1169 1146 1209 on
1215 1142 1678 1229 diphthongum
1734 1140 2037 1223 scribunt,

417 1245 787 1311 distinctum
841 1248 1194 1333 appellare3
1265 1255 1328 1310 et
1385 1268 1424 1308 a
1473 1243 1658 1307 litera
1712 1266 1751 1303 n
1792 1242 1862 1306 in
1905 1241 2041 1307 suis

415 1346 677 1412 minutis
695 1348 1167 1413 characteribus
1189 1347 1310 1411 hac
1332 1344 1632 1428 imposita
1651 1352 1804 1409 nota
1817 1343 2042 1408 distin-

415 1455 633 1533 guunt,
678 1454 740 1516 ἅ.

545 1547 889 1614 Caeterum
953 1547 1189 1611 Franci
1258 1546 1527 1613 Latinos
1601 1545 2044 1634 grammaticos

418 1648 673 1733 sequuti
737 1648 820 1711 ad
884 1647 1052 1712 hanc
1113 1648 1361 1712 literam
1432 1649 1784 1714 retulerunt
1855 1647 2045 1713 etiam

415 1748 673 1814 Aeolici
717 1749 1116 1834 digammatis
1163 1773 1417 1833 sonum,
1479 1751 1575 1816 sic
1616 1749 1828 1817 vocati
1874 1748 2043 1835 quod

418 1870 458 1912 a
495 1849 651 1914 solis
683 1849 1073 1916 Graecorum
1102 1852 1481 1939 populorum
1510 1851 1828 1918 Aeolibus
1858 1873 2043 1916 usur-

413 1958 701 2036 paretur,
752 1952 1035 2017 medium
1088 1952 1393 2018 videlicet
1445 1953 1612 2018 inter
1666 1952 1743 2016 ba
1790 1961 1853 2018 et
1883 1951 2042 2039 pha,

416 2051 582 2117 sicut
629 2052 822 2119 hodie
873 2051 1093 2118 Latini
1143 2055 1559 2138 pronuntiant
1599 2054 1871 2141 primam
1913 2052 2044 2138 syl-

410 2154 621 2221 labam
645 2155 717 2220 in
743 2155 972 2235 v-ado,
997 2162 1255 2236 vetus,
1279 2155 1473 2237 vita,
1506 2155 1714 2237 volo,
1750 2155 2037 2221 vultus.

408 2255 491 2321 In
530 2256 721 2322 huius
766 2264 979 2321 autem
1007 2255 1230 2321 literae
1260 2257 1779 2341 pronuntiatione
1808 2278 2039 2321 caven·-

412 2356 563 2422 dum
588 2365 685 2423 est
704 2365 841 2421 tum
853 2355 1229 2423 Vasconum
1251 2356 1478 2421 vitium
1500 2358 1609 2443 qui
1632 2356 1664 2419 b
1687 2380 1803 2444 pro
1829 2380 1863 2420 v
1890 2356 2041 2420 effe-

410 2466 576 2538 runt,
621 2466 692 2523 ut
733 2457 832 2521 bin
874 2481 991 2545 pro
1032 2461 1169 2533 vin,
1218 2456 1410 2520 bache
1453 2480 1569 2544 pro
1617 2457 1835 2533 vache,
1883 2454 2042 2519 beau

412 2580 530 2642 pro
575 2581 752 2635 veau,
816 2567 882 2622 et
913 2567 1134 2625 contra
1183 2581 1218 2621 v
1262 2581 1379 2645 pro
1425 2557 1491 2635 b,
1548 2558 1658 2645 qui
1690 2582 1863 2624 error
1890 2581 2040 2645 pas-

416 2657 537 2722 sim
577 2659 646 2722 in
671 2659 995 2726 veteribus
1036 2658 1492 2745 manuscriptis
1530 2660 1711 2726 libris
1743 2660 2037 2743 occurrit,

413 2766 550 2822 tum
592 2758 785 2823 etiam
827 2760 1096 2827 alterum
1130 2761 1474 2828 Germanis
1518 2762 1864 2849 proprium,
1912 2785 2037 2848 quo

411 2849 581 2924 hanc
623 2872 1087 2926 consonantem
1129 2885 1244 2947 pro
1284 2862 1375 2947 ph
1420 2862 1557 2928 sive
1583 2865 1649 2947 f,
1707 2872 1771 2929 et
1817 2873 2039 2930 contra

410 2984 447 3024 v
490 2983 606 3047 pro
626 2960 719 3046 ph
752 2961 888 3026 sive
899 2963 956 3042 f
977 2971 1320 3048 usurpant,
1354 2972 1425 3027 ut
1454 2965 1564 3049 qui
1592 2988 1708 3050 pro
1740 2965 2034 3048 vinum,

409 3062 619 3145 viVO‚
666 3063 999 3144 vitulus,
1045 3085 1288 3128 vacca
1322 3064 1732 3149 pronuntient
1772 3067 2035 3150 finum,

409 3163 590 3247 fsto,
635 3164 947 3246 situlus,
978 3163 1227 3246 sacca,
1267 3172 1333 3230 et
1360 3173 1579 3230 contra
1602 3189 1717 3251 pro
1745 3166 2037 3234 fallere

408 3266 708 3332 valler-e
732 3277 794 3333 et
817 3267 1086 3347 similia3
1115 3265 1226 3351 qui
1255 3267 1571 3332 maximus
1598 3290 1770 3333 error
1800 3277 2037 3356 quanto

414 3375 510 3432 est
530 3369 693 3454 ipsis
724 3369 1121 3451 familiarior,
1155 3376 1333 3433 tanto
1370 3368 1738 3453 diligentius
1776 3380 1876 3436 est
1903 3370 2037 3437 illis

1665 3471 1734 3524 2*
