2634 3992
559 351 640 419 28
1004 346 1009 351 ’
1102 355 1180 409 De
1217 357 1652 413 consonantibus.

557 503 746 582 Hale,
792 507 998 573 forum
1045 515 1286 575 tectum
1326 532 1543 581 rerum
1584 512 1926 583 venalium.

557 603 872 683 Halecret,
918 609 1147 675 thorax
1188 609 1455 679 ferreus.

558 705 783 785 Ηαῖεν,
829 732 1082 777 sui-sum
1124 709 1388 777 funibus
1435 734 1600 779 onus
1639 715 1944 783 attollere.

556 807 837 887 Haleler,
883 810 1202 877 anhelare.

558 910 872 988 Ηαηιεαιι,
918 911 1187 979 viculus.

556 1013 821 1101 Hanop,
861 1023 1108 1101 patera,
1153 1023 1341 1080 vetus
1387 1013 1709 1085 Gallicum
1750 1018 2035 1089 verbum.

557 1114 833 1191 Hanche,
878 1137 1056 1181 coxa.

556 1215 786 1290 Ηαηίε,
829 1215 1080 1282 hastile.

556 1316 821 1396 Hanter,
863 1317 1285 1404 frequenssare,
1335 1338 1481 1383 cum
1525 1316 1856 1387 derivatis·

566 1417 962 1505 Haquebule,
1010 1416 1358 1503 gestatoria
1400 1419 1764 1489 bombarda-

555 1519 922 1607 Haquenee‚
969 1518 1304 1605 gradarius
1354 1540 1575 1604 equus.

555 1621 872 1708 Ηαοᾳιιεί,
917 1620 1166 1707 species
1212 1618 1509 1685 vehiculi.

557 1724 926 1809 Harangue,
973 1721 1174 1786 oratio
1218 1720 1476 1808 publice
1520 1720 1756 1789 habita.

553 1823 794 1905 Har-as,
839 1844 1145 1909 equorum
1190 1844 1367 1907 grex.

551 1923 875 1998 Harceler‚
918 1924 1264 1988 incessere.

550 2025 828 2104 Har-des,
873 2024 1181 2092 sarcinae.

549 2125 779 2204 Hardi,
825 2127 1050 2209 audax,
1102 2147 1244 2191 cum
1288 2123 1615 2191 derivatis.

556 2227 789 2303 Har-en,
835 2211 1043 2309 halec,
1087 2249 1204 2313 pro
1251 2225 1575 2310 pisciculo
1616 2227 1881 2293 marino.

549 2329 772 2406 Har-er,
797 2329 1086 2409 incitare,
1111 2327 1340 2392 fictitia
1363 2349 1491 2392 vox
1516 2330 1596 2394 ab
1618 2327 2060 2395 interiectione
2077 2328 2183 2397 ha.

551 2429 810 2507 Harnie,
862 2429 1110 2511 hernia,
1155 2452 1294 2494 cum
1345 2428 1667 2495 derivatis.

545 2531 796 2607 Harier,
843 2551 1089 2616 urgere,
1136 2530 1216 2594 ab
1263 2528 1488 2594 eadem
1530 2530 1977 2597 interiectione
2018 2531 2121 2597 ha.

545 2635 846 2709 HarnoiS,
890 2632 1110 2696 lorica.

544 2733 786 2820 Harpe,
834 2734 1097 2814 cithim-a,
1147 2753 1291 2796 cum
1338 2730 1662 2796 derivatis.

546 2836 728 2911 Harl,
773 2834 1061 2920 laqueus.

544 2935 826 3009 Hazza-d,
872 2933 1226 3022 periculum
1268 2933 1609 3014 incertu'm',
1658 2955 1801 2999 cum
1844 2935 2181 3002 derivatis.

464 3020 479 3029 ⁰
542 3036 763 3113 Hasle,
806 3047 1055 3102 torrens
1102 3034 1257 3100 solis
1304 3043 1539 3115 aestus,
1589 3055 1734 3098 cum
1778 3035 2126 3107 derivatis„

542 3143 764 3214 Haste,
804 3160 979 3221 veru,
1011 3158 1127 3223 pro
1159 3158 1283 3222 quo
1314 3136 1539 3222 purius
1569 3135 1904 3220 loquentes
1931 3136 2177 3203 Franci

628 3240 851 3305 dicunt.
894 3261 1011 3302 vne
1049 3236 1289 3301 broche.

540 3337 843 3415 Hauberl,
886 3336 1313 3425 hauho-geon,
1361 3338 1605 3403 thorax.
