2634 3992
1084 305 1161 360 De
1198 306 1525 360 accentibus.
2028 311 2113 374 87

614 458 877 524 Prima
917 457 1235 544 Regula.
1321 459 1471 524 Non
1510 481 1753 544 paucae
1798 458 2112 525 dictiones

487 558 843 627 Francicae
877 559 1032 626 solis
1062 559 1366 626 brevibus
1398 567 1720 641 constant,
1765 568 1838 624 ut
1878 561 2117 624 miseri-

492 662 704 744 corde,
771 683 935 747 quae
997 684 1125 727 vox
1186 661 1467 747 quinque
1531 661 1833 727 brevibus
1889 669 2116 727 natura

492 763 763 849 syllabis
817 771 1084 828 constat.
1171 763 1266 828 At
1313 762 1493 827 nulla
1534 771 1788 828 constat
1824 762 2115 848 pluribus

490 863 853 950 productis,
910 863 1166 928 minime
1206 862 1276 928 id
1321 863 1575 948 quidem
1619 863 1803 948 quasi
1844 886 1976 928 non
2016 863 2118 928 in-

492 963 834 1029 veniantur
859 987 1053 1031 voces
1096 965 1166 1029 in
1210 964 1443 1050 quibus
1485 964 1704 1050 plures
1750 965 1879 1029 sint
1923 955 2117 1050 sylla-

493 1064 617 1130 bae
668 1075 896 1131 natura
935 1067 1194 1152 longae,
1255 1065 1372 1133 sed
1419 1066 1718 1150 quoniam
1783 1065 1888 1131 vel
1938 1073 2130 1135 ante-.

493 1166 846 1250 penultima
872 1167 1092 1253 longa,
1126 1167 1183 1232 si
1211 1168 1564 1252 penultima
1592 1188 1869 1252 sequens
1900 1165 2115 1232 brevis

492 1265 712 1349 fuerit,
780 1267 888 1333 vel
937 1267 1288 1354 penultima
1327 1258 1533 1352 vlonga
1586 1268 1681 1332 sic
1736 1266 2115 1348 dominatur,

495 1376 568 1432 ut
616 1367 901 1452 reliquae
954 1367 1414 1453 praecedentes
1459 1367 1774 1451 syllabae,
1829 1366 2117 1450 quamvis

493 1478 726 1532 natura
795 1468 1053 1550 longae,
1126 1489 1247 1532 nec
1313 1475 1621 1532 acuantur
1681 1475 1928 1548 tamen,
1996 1489 2119 1532 nec

496 1590 652 1633 vere
737 1567 1188 1653 producantur.
1298 1566 1603 1654 Exempli
1677 1567 1882 1653 gratia
1958 1567 2119 1634 haec

500 1667 698 1734 dictio
735 1667 1166 1731 entendement
1189 1676 1441 1733 constat
1482 1690 1563 1733 ex
1605 1669 1850 1734 duabus
1893 1668 2120 1753 priori-

499 1768 624 1834 bus
687 1776 916 1833 natura
978 1767 1217 1854 longis,
1284 1776 1357 1833 ut
1415 1768 1485 1833 in
1548 1768 1840 1855 proxima
1900 1768 2123 1855 regula

503 1870 946 1952 ostendemuS,
1001 1869 1177 1955 prior
1219 1878 1431 1934 tamen
1470 1878 1569 1934 est
1609 1868 1859 1955 aequali
1900 1879 2124 1936 tenore

498 1970 909 2058 proferenda,
964 1979 1117 2036 tono
1176 1978 1239 2035 et
1294 1970 1647 2055 quantitate
1698 1969 1768 2034 in
1812 1970 2124 2055 syllabam

499 2071 1070 2158 antepenultimam
1109 2070 1388 2137 reiectis.
1462 2069 1657 2151 Quod
1700 2070 1757 2136 si
1798 2070 1947 2136 huic
1992 2072 2125 2137 dic-

495 2173 663 2239 tioni
717 2173 1067 2240 subieceris
1126 2172 1518 2253 encliticam,
1578 2179 1649 2234 ut
1701 2169 2129 2235 entendement

502 2273 643 2356 bon,
687 2283 842 2340 tunc
882 2274 1022 2340 sola
1074 2273 1213 2338 eius
1258 2273 1483 2337 ultima
1527 2280 1815 2352 acuetur,
1860 2271 2124 2356 reliquis

499 2377 681 2441 velut
718 2375 788 2439 in
831 2374 1120 2441 ordinem
1159 2373 1459 2438 redactis.
1539 2371 1649 2440 Sic
1691 2372 1761 2435 in
1802 2371 1925 2437 hac
1967 2393 2127 2440 voce

505 2473 820 2556 entendre,
862 2473 1152 2559 quamvis
1198 2474 1362 2538 duae
1419 2474 1664 2559 priores
1726 2472 1857 2538 sint
1901 2480 2128 2540 natura

500 2573 764 2660 longae,
840 2575 980 2641 sola
1047 2583 1263 2640 tamen
1331 2574 1683 2660 penultima
1754 2572 2002 2638 acuitur
2066 2586 2128 2639 et

501 2675 908 2761 producitur,
967 2697 1047 2740 ex
1086 2675 1276 2740 tertia
1314 2677 1539 2764 regula
1582 2697 1771 2761 quam
1811 2697 1963 2740 mox
2002 2682 2128 2739 tra—

503 2776 753 2841 demus.
798 2774 911 2842 Sic
937 2775 1008 2838 in
1035 2775 1158 2841 hac
1184 2800 1344 2843 voce
1377 2781 1552 2841 envie
1580 2775 1896 2857 (invidia),
1940 2774 2132 2842 etiam

505 2876 754 2958 divisa,
810 2884 884 2940 ut
944 2898 1020 2939 en
1066 2879 1162 2940 vie
1205 2877 1306 2960 (in
1359 2876 1546 2961 vita),
1592 2877 1845 2942 auditur
1886 2875 2132 2961 amphi-

506 2977 784 3044 brachus
815 3001 961 3028 υ-υ
1033 2987 1295 3064 propter
1362 2977 1782 3065 penultimam
1839 2977 2124 3062 longam3

504 3087 576 3145 at
628 3079 705 3162 in„
749 3080 1011 3146 nomine
1068 3082 1331 3143 envieux
1391 3093 1652 3165 propter
1709 3077 2132 3164 penultimam

504 3180 769 3247 brevem
823 3180 1077 3246 auditur
1119 3179 1588 3267 amphimacrus
1630 3205 1782 3227 -ν-
1823 3178 2136 3264 producta>

505 3281 1042 3368 antepenultima,
1098 3303 1261 3366 quae
1304 3280 1376 3345 in
1421 3281 1597 3343 envle
1640 3278 1995 3365 corripitur.
