2634 3992
1140 331 1197 385 c,
1267 331 1329 384 D.
1968 334 2049 398 73

431 484 606 550 tione
649 483 1083 572 praetermitti.
1149 482 1314 548 Item
1358 491 1503 549 ante
1550 493 1574 547 t
1613 469 1903 570 proxime
1949 507 2051 551 se-

431 607 631 671 quens
673 585 744 649 in
783 585 912 650 fine
958 583 1289 665 dictionis,
1348 594 1418 648 ut
1442 584 1577 666 jeci
1619 585 1899 669 (iactus),
1943 584 2051 650 ob-

416 687 549 770 ject
582 686 972 770 (obiectum),
1009 686 1177 762 faiel
1218 685 1534 768 (factum),
1581 708 1744 771 quae
1787 688 2052 775 perinde

426 788 941 874 pronuntiantur,
998 786 1133 853 acsi
1191 787 1503 873 scriptum
1560 796 1734 854 esset
1767 789 1887 872 jet,
1945 789 2052 853 ob-

413 890 535 973 jet,
571 892 707 973 fait
758 897 875 953 etc.
964 887 1077 956 Sic
1131 890 1321 955 etiam
1373 888 1737 955 scribuntur
1791 898 1856 956 et
1903 912 2050 978 pro-

428 990 798 1055 nuntiantur
856 992 1196 1079 participia
1247 992 1541 1080 passiva,
1601 1001 1671 1056 ut
1721 993 1848 1056 dict
1886 993 2050 1068 (dic-

428 1090 612 1176 tum),
640 1091 809 1175 faict
837 1091 1154 1178 (factum),
1195 1115 1425 1180 nempe
1468 1100 1541 1157 ut
1585 1093 2053 1180 distinguantur

430 1216 470 1259 a
529 1193 734 1259 tertiis
797 1195 1092 1280 personis
1158 1192 1589 1278 singularibus
1653 1193 1746 1258 dit
1808 1196 2049 1280 (dicit),

409 1294 552 1380 fait
616 1294 847 1380 (facit).
958 1295 1141 1360 Intra
1211 1295 1556 1359 dictionem
1620 1305 1831 1361 autem
1890 1296 2053 1362 haec

440 1395 688 1481 syllaba
725 1404 785 1458 ct
825 1396 1079 1481 integra
1119 1394 1579 1480 pronuntiatur,
1625 1405 1696 1460 ut
1737 1406 1874 1459 acle
1915 1398 2053 1479 (ac-

429 1497 586 1580 tus),
634 1499 842 1560 action
885 1493 1135 1579 (actio),
1191 1495 1357 1577 actis
1391 1493 1719 1580 (activus),
1766 1498 2054 1582 affection

432 1596 766 1681 (affectio),
844 1595 1193 1659 detractem·
1264 1594 1688 1680 (detractor).
1803 1597 2055 1684 Excipe

431 1701 678 1762 traicter
745 1695 1077 1782 (tractare)
1146 1718 1287 1761 cum
1354 1696 1658 1762 derivatis
1723 1706 1786 1764 et
1846 1696 2054 1762 dicton

429 1801 705 1888 (dictum
748 1799 888 1865 sive
934 1797 1251 1863 sententia
1290 1797 1586 1882 iudicis),
1630 1798 1700 1862 in
1743 1798 1975 1884 quibus
2019 1822 2054 1862 c

432 1901 726 1989 quiescit.
770 1899 1037 1966 Finiens
1076 1908 1284 1964 autem
1308 1899 1651 1965 dictionem
1669 1898 1830 1964 haec
1849 1899 2052 1982 litera,

430 2024 847 2088 quaecunque
912 2000 1020 2067 vel
1075 2000 1321 2066 vocalis
1376 2001 1482 2065 vel
1537 2023 1897 2067 consonans
1952 2025 2054 2068 se-

429 2112 688 2192 quatur,
733 2103 984 2188 integra
1023 2101 1492 2188 pronuntiatur,
1538 2111 1609 2166 ut
1634 2102 1705 2166 in
1731 2101 1834 2167 his
1876 2103 2056 2169 voci-

428 2206 549 2272 bus
595 2202 759 2285 broc,
793 2203 968 2288 froc,
1012 2223 1141 2282 soc,
1185 2224 1307 2283 sec,
1353 2224 1465 2265 suc
1510 2210 1574 2268 et
1617 2201 1948 2268 similibus,

1111 2354 1225 2428 De
1278 2354 1377 2428 D.

559 2507 619 2570 D
664 2507 936 2593 quiescit
978 2505 1046 2570 in
1088 2504 1210 2585 hac
1252 2526 1414 2570 voce
1444 2503 1626 2590 pied,
1684 2504 1972 2589 quamvis
2016 2529 2058 2571 a

432 2606 726 2673 Picardis
786 2607 1174 2692 exprimatur
1232 2605 1418 2692 quasi
1468 2628 1585 2692 per
1645 2613 1672 2668 t
1721 2605 2055 2690 scribatur,

432 2708 601 2772 unde
655 2711 877 2793 pieton
951 2707 1331 2795 (pedester).
1438 2706 1605 2771 Item
1675 2707 1947 2793 quiescit
2011 2706 2059 2771 d

430 2809 617 2874 litera
655 2817 802 2873 ante
826 2807 868 2889 j
909 2815 1394 2888 consonantem,
1439 2816 1511 2872 ut
1538 2806 1807 2896 aaeljuger
1851 2809 2055 2889 (adiu-

434 2910 692 2991 dicare),
758 2907 1011 2991 asljurer
1077 2907 1362 2993 (adigere
1412 2907 1867 2992 iureiurando),
1938 2907 2056 2972 ad-

417 3010 685 3095 journer
726 3009 923 3092 (diem
953 3010 1214 3090 dicere),
1261 3007 1584 3090 atljousler
1615 3010 1899 3091 (addere)
1932 3020 2055 3075 etc.

436 3133 577 3177 cum
620 3111 943 3176 derivatis.
1009 3110 1177 3175 Item
1221 3117 1369 3174 ante
1412 3132 1491 3191 m,
1534 3118 1606 3174 ut
1660 3107 2058 3173 admonester

435 3234 578 3277 cum
645 3212 970 3278 derivatis.
1072 3210 1320 3296 Excipe
1380 3208 1649 3273 admirer
1697 3209 2054 3294 (admirari)

435 3334 579 3378 cum
635 3313 958 3380 derivatis.
1057 3301 1220 3378 Item
1274 3319 1422 3376 ante
1477 3334 1512 3374 v
1580 3321 2054 3394 consonantem,
