2634 3992
494 333 576 398 92
809 329 887 384 De
924 329 1251 385 Subunione.
1323 331 1402 386 De
1439 328 1792 402 Apostrophe.

497 483 767 569 aliquid,
844 483 1158 549 sermonis
1233 485 1429 549 finem
1506 494 1692 551 acute
1774 511 1905 552 non
1979 487 2118 556 sine

494 584 740 649 aurium
781 585 1136 650 offensione
1181 585 1612 671 pronuntient.

993 736 1111 811 De
1165 704 1615 812 Subunione.

629 883 1072 952 Subunionem
1101 896 1452 973 coeperunt
1479 888 1910 954 accuratiores
1937 896 2124 974 typo-

494 984 732 1070 graphi
775 992 997 1052 notare
1038 986 1212 1052 linea
1254 988 1544 1055 diversas
1588 989 1904 1055 dictiones
1931 990 2126 1054 inter-

494 1085 829 1169 iungente,
881 1107 1073 1170 quam
1101 1087 1389 1155 Hebraei
1422 1090 1622 1176 raphe
1668 1090 2012 1176 appellant,
2056 1098 2129 1154 ut

497 1184 671 1267 ‹li-ie,
720 1183 911 1265 dit-il,
936 1186 1119 1269 fit-il,
1161 1193 1407 1273 suis-ie,
1443 1189 1738 1272 diros-tu,
1771 1190 2001 1276 quibus
2032 1189 2129 1255 sic

498 1294 765 1350 utuntur
806 1283 982 1353 Galli
997 1338 1014 1369 ,
1062 1297 1133 1352 ut
1168 1289 1390 1355 Latini
1442 1291 1580 1357 suis
1633 1291 1763 1356 illis
1817 1291 2127 1376 inquam

498 1387 885 1552 Ξξὲιιςιιὶίῑ,
933 1396 998 1452 et
1041 1389 1505 1474 aliquantulum
1548 1393 1629 1458 ab
1661 1390 1977 1457 encliticis
2004 1389 2133 1455 ista

546 1487 560 1501 ⁶
614 1497 818 1555 erunt.

965 1638 1080 1713 De
1131 1643 1636 1744 Apostropho.

636 1787 1133 1873 Apostrophon,
1189 1790 1259 1855 id
1301 1802 1402 1859 est
1450 1817 1714 1860 aversae
1759 1794 1897 1859 sive
1935 1791 2136 1857 elisae

504 1888 756 1955 vocalis
798 1896 1022 1953 notam
1065 1904 1417 1977 coeperunt
1470 1894 1710 1960 utiliter
1759 1893 1970 1959 .iidem
2035 1900 2137 1976 ty-

495 2012 580 2076 po
592 1987 819 2075 graphi
858 1986 1150 2056 Graecos
1193 1992 1424 2060 imitati
1471 1995 1854 2074 adscribere,
1902 2001 1968 2057 at
2008 2013 2142 2056 non

499 2090 763 2176 ubique,
812 2091 984 2175 quod
1010 2101 1227 2159 tamen
1266 2096 1508 2161 factum
1533 2095 1747 2174 velim,
1794 2091 2140 2157 eorundem

500 2188 900 2257 Graecorum
957 2194 1267 2281 exempla
1357 2196 1460 2261 De
1516 2195 1638 2260 hae
1704 2201 1917 2256 autem
1978 2198 2133 2256 nota

501 2302 715 2360 certae
761 2301 911 2358 sunt
955 2305 1298 2380 sequentes
1350 2295 1643 2380 regulae:

623 2392 893 2458 Prima
950 2392 1269 2479 Regula.
1367 2395 1575 2479 Omne
1637 2415 1671 2457 e
1720 2390 2143 2457 foemininum

504 2501 812 2580 sequente
871 2517 1250 2580 quacunque
1304 2495 1514 2561 vocali
1579 2491 1833 2558 eliditur
1874 2491 1944 2556 in
1985 2515 2136 2577 pro-

497 2595 917 2675 nuntiatione,
963 2603 1039 2658 ut
1077 2595 1508 2676 l'avaricieux,
1561 2593 1813 2678 l'espee,
1859 2592 2141 2680 l’ingral,

496 2697 809 2775 l’ouvrier‚
863 2702 927 2758 et
970 2703 1280 2779 sequente
1309 2694 1350 2757 h
1395 2694 1768 2780 quiescente
1823 2692 2129 2774 l’homme,

499 2796 712 2876 rhais,
770 2796 832 2856 la
860 2793 1079 2878 femm'
1125 2797 1549 2875 avaricieuse,
1594 2795 1654 2858 Ia
1678 2792 1889 2876 fauls’
1936 2791 2135 2857 cheis-

498 2919 717 2979 sance‚
771 2896 834 2959 la
900 2897 1203 2957 mammis-⁹
1249 2898 1598 2975 invention,
1658 2919 1727 2959 ce
1785 2894 1973 2980 qu'on
2019 2892 2126 2957 elit.

416 2985 421 2989 ⁴
497 3000 806 3087 Magnum
862 2995 1060 3081 igitur
1111 2996 1344 3063 vitium
1398 3005 1499 3063 est
1545 2996 1739 3061 istam
1795 2993 2130 3061 elisionem

496 3125 631 3168 non
691 3100 924 3166 observ
938 3119 1078 3179 are,
1147 3098 1319 3184 quod
1371 3097 1441 3162 in
1494 3096 1790 3162 versibus
1844 3091 2135 3179 inprimis

500 3203 641 3269 sine
685 3196 1065 3286 exceptione
1095 3200 1480 3264 observatur
1496 3246 1513 3278 ,
1564 3196 1635 3261 in
1665 3194 1896 3282 quibus
1924 3191 2138 3257 nullus

504 3309 605 3366 est
649 3322 684 3362 e
725 3294 1054 3366 foemineo
1095 3299 1297 3380 locus,
1344 3297 1450 3362 vel
1490 3297 1560 3361 in
1606 3303 1831 3382 quarta
1872 3291 2138 3378 syllaba,

499 3397 557 3461 si
609 3419 837 3464 versus
885 3399 1105 3465 decem
1143 3397 1381 3464 fuerint
1436 3395 1854 3482 syllabarum,
1911 3392 2018 3459 vel
2059 3392 2130 3459 in
