2634 3992
563 337 644 404 56
1184 340 1259 393 De
1297 338 1649 409 diphthongis,

564 491 849 575 (fidere),
896 495 1025 554 niet
1059 492 1358 578 (negare)
1404 493 1772 579 dissyllaba,
1821 495 1991 580 quod
2019 498 2194 562 valet

565 592 757 657 etiam
798 594 868 656 in
895 593 1263 659 verbalibus
1293 594 1443 658 inde
1475 594 1785 675 deductis&
1826 605 1897 660 ut
1926 601 2190 678 reniem,

470 740 475 745 ·
563 698 865 758 ennuieux
920 695 998 759 ab
1045 694 1311 758 infinitis
1359 697 1579 772 renier,
1624 699 1897 777 oranaim,
1970 706 2033 762 et
2075 721 2191 764 no-

561 796 840 861 minibus
885 796 954 860 in
1024 799 1186 875 ieux,
1255 818 1418 880 quae
1478 819 1517 860 a
1557 795 1809 862 Latinis
1872 797 1943 861 in
1997 822 2044 864 „o
2060 821 2189 864 sus

564 899 878 979 oriuntur,
938 905 1007 961 ut
1065 901 1316 961 curieux
1377 895 1731 981 (curiosus)
1789 898 2190 984 trisyllabum

563 1008 628 1065 et
671 999 923 1064 similia.

1329 1150 1437 1226 Ui.

691 1301 771 1365 In
811 1301 933 1366 hac
978 1323 1230 1386 quoque
1275 1302 1668 1389 diphthongo
1713 1325 1884 1368 mere
1936 1301 2190 1369 Graeca

571 1412 831 1489 utraque
889 1403 1140 1468 auditur
1194 1404 1439 1468 vocalis
1491 1428 1617 1470 uno
1661 1412 1868 1468 tractu
1907 1426 2189 1489 pronun·
2275 1464 2280 1468 ,

564 1506 738 1585 tiata,
770 1515 839 1569 ut
862 1504 997 1567 buis
1016 1504 1306 1588 (buxus),
1324 1504 1463 1567 huis
1479 1505 1839 1589 (hostium),
1862 1505 1951 1567 lui
1959 1505 2186 1590 (ipse),

567 1611 700 1669 mai
731 1606 1065 1690 (modius),
1111 1610 1280 1669 παίει
1309 1606 1518 1689 (nox),
1566 1609 1677 1668 nui
1708 1606 1995 1690 (noceo),
2037 1608 2190 1690 puis

570 1711 789 1794 (post),
816 1711 921 1770 sui
939 1707 1254 1792 (sequor),
1280 1711 1415 1771 suis
1440 1708 1657 1791 (sum),
1684 1710 1813 1769 ruis
1840 1709 2192 1793 (antiquum

568 1809 952 1873 Franoioum
994 1832 1225 1873 nomen
1254 1832 1371 1896 pro
1415 1810 1612 1890 riv0,
1659 1809 1854 1893 unde)
1898 1814 2190 1872 ruisseau

569 1911 904 1995 (rivulus),
932 1932 1094 1995 quae
1119 1933 1337 1975 omnes
1370 1911 1701 1991 dictiones,
1748 1918 1821 1973 ut
1848 1918 1912 1974 et
1943 1910 2187 1975 similes

569 2013 750 2093 aliae,
788 2022 936 2077 sunt
963 2013 1475 2098 monosyllabae3
1525 2012 1620 2076 sio
1647 2010 1885 2072 huistre
1914 2008 2186 2093 (ostrea)

488 2195 493 2199 .
572 2113 992 2199 dissyllabum
1056 2122 1182 2194 est,
1256 2112 1561 2176 destruere
1612 2110 2031 2195 trisyllabum,
2087 2131 2183 2170 re-

567 2213 864 2277 confluire
903 2214 1386 2299 tetrasyllabum
1444 2223 1508 2278 et
1546 2213 1671 2277 alia
1700 2207 2179 2295 quamplurima.

569 2313 699 2381 Sed
746 2316 1147 2381 observanda
1191 2323 1288 2380 est
1331 2313 1577 2400 syllaba
1620 2313 1682 2374 vi
1714 2333 1830 2395 per
1869 2308 2184 2392 digamma

565 2416 907 2481 Aeolicum
969 2416 1287 2482 efferenda
1363 2423 1426 2479 et
1480 2415 1558 2478 ab
1610 2413 1732 2476 hae
1787 2409 2182 2495 diphthongo

565 2539 828 2603 prorsus
875 2516 1158 2596 diversa,
1204 2526 1275 2579 ut
1316 2518 1500 2587 vivre,
1554 2516 1669 2589 vie,
1729 2514 2003 2594 vic-loire,
2060 2514 2181 2575 vin.

566 2618 729 2682 Nam
801 2619 881 2683 ab
954 2617 1075 2682 hae
1152 2615 1542 2701 diphthongo
1626 2612 1805 2677 nulla
1872 2612 1926 2677 F
1927 2613 2187 2678 ranoioa

570 2719 761 2784 dictio
807 2719 1156 2783 inchoatur.
1232 2715 1341 2782 Sic
1372 2715 1565 2779 etiam
1604 2717 1777 2785 envie
1819 2723 1883 2779 et
1922 2717 2187 2778 envieuoe

568 2828 632 2885 et
697 2821 824 2885 alia
889 2819 1118 2884 similia
1180 2839 1311 2881 non
1374 2816 1497 2881 hae
1566 2815 1995 2903 diphthongo,
2071 2815 2187 2880 sed

565 2922 837 2986 Aeolioo
883 2920 1261 3004 digammate
1314 2917 1452 2982 sive
1511 2943 1544 2981 v
1603 2924 1995 2983 consonante
2036 2938 2186 3000 pro-

564 3023 947 3087 nuntiantur.
