2634 3992
1114 319 1174 383 Τ,
1209 322 1251 373 t.
1320 317 1391 381 X,
1425 334 1476 371 x.
2022 317 2100 383 41

487 473 603 538 tati
659 472 859 539 veluti
915 473 1047 537 vim
1101 471 1430 553 afferente,
1488 471 1929 558 pronuntiatur
1984 496 2106 559 pro

487 574 729 659 duplici
761 597 846 656 ce,
878 584 948 639 ut
989 574 1248 655 XerxeS,
1296 575 1701 656 Artaxerxem,
1750 575 1845 640 sic
1886 584 2105 642 tamen

482 685 552 740 ut
600 677 671 740 in
721 676 1074 762 posteriore
1135 675 1401 740 istorum
1463 675 1788 739 nominum
1853 677 2103 761 syllaba

483 778 775 842 audiatur
818 778 1081 843 alterum
1125 800 1177 860 c,
1202 779 1524 858 duntaxat,
1572 777 1757 862 quasi
1787 778 2103 843 scribatur

480 878 544 941 Χ
544 902 732 961 eroes,
760 881 1150 944 ArtaxerceS.
1185 880 1296 949 Sic
1319 878 1509 945 etiam
1534 877 1843 965 syllabam
1862 878 2099 944 finiens

482 979 752 1062 effertur,
797 991 868 1045 ut
899 1004 1169 1064 exerc-er,
1216 981 1514 1067 exemple,
1565 990 1867 1060 exoculer,
1912 984 2103 1049 etiam

478 1082 588 1147 ubi
641 1106 673 1144 c
722 1084 1048 1165 redundat,
1104 1092 1177 1147 ut
1234 1105 1438 1163 exceS,
1496 1082 1777 1164 excessis.
1866 1082 1946 1148 In
1991 1107 2105 1150 ex-

475 1184 692 1250 tremis
738 1207 889 1251 vero
937 1185 1325 1251 dictionibus
1381 1185 1553 1249 idem
1611 1191 1796 1250 sonat
1835 1208 2104 1272 prorsus

475 1294 665 1371 atque
720 1312 773 1367 S,
835 1295 899 1351 et
950 1288 1186 1372 partim
1238 1308 1363 1350 usu
1413 1287 1628 1371 potius
1682 1308 1869 1371 quam
1918 1288 2102 1354 firma

471 1388 717 1452 ratione
777 1395 1147 1472 usurpatur,
1220 1394 1290 1450 ut
1357 1387 1429 1450 in
1498 1386 1884 1452 dictionibus
1951 1390 2099 1450 noix

475 1489 680 1568 (nux),
728 1490 896 1572 paim
954 1489 1152 1573 (pax),
1197 1489 1360 1571 poix
1416 1487 1599 1572 (pix),
1654 1495 1717 1553 et
1773 1488 1843 1552 in
1895 1491 2097 1555 nomi-

471 1587 664 1651 nibus
707 1588 1138 1654 numeralibus
1186 1592 1284 1650 six
1331 1589 1517 1670 (sex),
1566 1597 1630 1653 et
1674 1587 1779 1651 dix
1823 1591 2094 1673 (decem)

475 1695 539 1751 et
593 1710 809 1751 eorum
877 1688 1178 1753 derivatis
1193 1740 1209 1770 ,
1276 1700 1348 1755 ut
1411 1693 1717 1771 siriesme,
1774 1690 2092 1777 clixiesme,

471 1787 703 1872 partim
743 1789 936 1854 etiam
975 1790 1238 1856 ratione.
1330 1791 1543 1873 Quum
1588 1794 1755 1858 enim
1797 1795 1865 1859 in
1906 1795 2096 1862 litera

473 1888 846 1973 quotidiana
912 1900 974 1956 et
1036 1914 1187 1957 vere
1249 1893 1303 1958 F
1306 1917 1564 1960 rancica
1640 1918 1826 1981 quam
1898 1921 2092 1964 manu
2135 1888 2140 1892 ⁴

471 1990 768 2076 scriptam
829 1994 1150 2059 cursivam
1205 2005 1466 2079 vocant,
1533 1997 1647 2063 vix
1699 2019 1774 2062 ac
1832 2021 1913 2063 ne
1976 2001 2091 2066 vix

468 2092 722 2176 quidem
768 2092 1046 2159 discerni
1087 2107 1360 2182 possent
1400 2120 1440 2158 n
1472 2106 1536 2162 et
1575 2120 1617 2159 ιι
1663 2100 1849 2182 (quae
1891 2124 2090 2167 causa

465 2193 809 2258 etiamnum
851 2195 1041 2263 hodie
1099 2200 1272 2284 cogit
1325 2198 1682 2265 Germanos
1737 2200 1983 2265 literam
2041 2224 2086 2264 u

463 2294 542 2359 ab
603 2318 642 2355 η
700 2296 1001 2382 imposito
1060 2300 1332 2385 quodam
1402 2301 1584 2386 apice
1657 2301 2084 2387 distinguere)

461 2397 756 2481 usurpari
820 2399 1032 2484 coepit
1107 2422 1150 2462 x
1209 2423 1327 2486 pro
1386 2426 1447 2483 ε,
1502 2403 1925 2487 praecedente
1989 2406 2084 2470 di-

460 2493 788 2582 phthongo
821 2522 904 2561 au
934 2500 1040 2565 vel
1069 2524 1166 2580 eu,
1194 2525 1277 2567 ne
1306 2502 1376 2566 in
1403 2504 1918 2589 pronuntiatione
1944 2505 2084 2572 hal-

462 2595 865 2681 lucinaretur,
916 2609 986 2664 ut
1028 2623 1202 2683 ceux,
1248 2602 1456 2686 dieux,
1502 2606 1687 2686 lieux,
1731 2609 1953 2688 mieux,
1994 2632 2079 2676 ne

463 2697 625 2781 quie,
660 2699 715 2763 si
746 2721 779 2759 s
811 2699 1156 2766 adhibitum
1188 2713 1376 2786 esset,
1420 2706 1662 2791 legeret
1682 2729 1847 2789 cem,
1878 2710 2079 2793 dien-5⁶,

459 2797 636 2879 ZienS,
704 2803 917 2863 miens,
1020 2802 1379 2890 Itidemque
1428 2831 1585 2874 usus
1652 2809 1941 2893 obtinuit,
2006 2822 2081 2877 ut

458 2899 839 2964 scriberetur
907 2901 1201 2982 chevaux,
1265 2928 1453 2969 mazca:
1541 2919 1606 2974 et
1668 2912 1925 2995 similia,
1991 2939 2077 2981 ne

457 3001 599 3085 quis
645 3001 886 3086 legeret
929 3001 1196 3065 chevans
1241 3014 1305 3069 et
1347 3029 1543 3072 mans.

485 3154 600 3228 De
647 3183 695 3256 y
751 3157 950 3253 quod
1000 3155 1034 3228 τ’
1083 3153 1442 3232 Graecum
1493 3163 1676 3236 falso
1729 3179 2016 3240 vocant.

577 3304 789 3385 Quum
833 3306 998 3371 hanc
1051 3307 1299 3373 literam
1353 3311 1635 3378 viderem
1687 3338 1819 3380 non
1880 3319 2070 3384 modo

451 3406 805 3486 promiscue
871 3417 935 3473 et
975 3410 1152 3475 nulla
1192 3434 1455 3497 prorsus
1507 3416 1751 3482 ratione
1793 3418 1863 3482 in
1908 3420 2068 3485 scri-
