2634 3992
1055 385 1113 449 F,
1149 385 1185 440 f.
1258 385 1325 449 G,
1370 401 1419 455 g.
1975 388 2060 453 25

436 557 486 621 φ
537 537 927 605 Graecorum
969 537 1139 604 idest
1187 559 1306 624 pro
1339 536 1435 623 ph
1477 538 1802 625 ursurpari
1831 540 2062 625 coepit2

432 648 503 705 ut
545 649 610 707 et
666 663 706 705 a
756 639 1027 705 Francis
1085 638 1276 703 hodie
1328 639 1795 724 pronuntiatur.
1884 639 2066 708 Siout

435 751 645 807 autem
720 740 857 805 dixi
926 741 1007 806 de
1084 764 1119 804 v
1187 747 1616 822 consonante,
1676 763 2064 827 magnopere

433 841 788 909 cavendum
853 863 997 908 esse
1053 839 1396 908 Germanis
1449 863 1535 906 ne
1590 841 1770 907 illam
1827 863 1975 907 cum
2012 841 2070 925 f

436 941 844 1023 confundant,
892 943 985 1008 ita
1011 943 1299 1009 vicissim
1331 965 1735 1028 summopere
1767 943 2067 1010 studeant

432 1051 711 1129 oportet,
766 1066 849 1109 ne
895 1043 952 1123 f
999 1067 1114 1130 pro
1181 1065 1219 1105 v
1274 1053 1669 1110 consonante
1734 1054 2062 1131 usurpent,

432 1144 722 1229 quamvis
808 1144 976 1211 haec
1046 1145 1230 1210 litera
1300 1144 1647 1211 dictionem
1717 1146 1950 1212 finiens
2023 1169 2064 1213 a

428 1242 703 1310 Francis
761 1246 904 1311 loco
978 1244 1378 1331 digammatis
1432 1245 1744 1310 scribatur
1812 1256 1876 1312 et
1920 1256 1991 1312 ut
2019 1248 2078 1332 f

434 1347 922 1429 pronuntietur,
967 1355 1040 1410 ut
1082 1345 1249 1428 heus,
1296 1344 1449 1429 bref,
1493 1346 1644 1428 cers,
1684 1347 1854 1433 gres,
1901 1348 2061 1429 na‘if,

427 1448 556 1531 nef,
611 1448 773 1532 nerf,
838 1449 993 1530 serf,
1041 1447 1193 1530 stay}
1240 1446 1350 1527 vif,
1413 1467 1452 1509 a
1491 1443 1743 1511 Latinis
1796 1448 2063 1514 vocibus

425 1547 700 1628 boviS,
756 1548 1066 1628 breviS,
1126 1568 1443 1627 cervus,
1496 1547 1788 1631 gravis,
1851 1549 2063 1614 nati-

425 1670 600 1728 vus,
655 1648 918 1730 navis,
974 1669 1293 1726 nervuS,
1364 1669 1684 1730 servus,
1755 1671 2053 1733 sevum,

429 1748 703 1829 vivus,
784 1749 1077 1814 restituto
1142 1749 1210 1813 in
1273 1749 1527 1815 illorum
1591 1750 1893 1818 derivatis
1960 1753 2057 1818 di-

438 1858 772 1934 gammate,
818 1860 890 1915 ut
930 1849 1164 1926 hovine,
1210 1850 1497 1930 breviere,
1551 1875 1749 1928 cerve,
1804 1877 2053 1942 grever,

431 1953 703 2029 naffvete,
759 1954 990 2032 navim,
1052 1974 1345 2028 nerveux,
1392 1950 1727 2030 servitude,
1774 1958 2051 2021 vivacile.

1140 2105 1335 2202 Gy.

557 2257 742 2323 Haec
811 2279 1177 2322 consonans
1243 2265 1392 2321 ante
1444 2279 1503 2330 a,
1549 2278 1586 2317 o
1635 2265 1697 2322 et
1742 2280 1783 2318 ιι
1835 2280 2058 2323 verum

428 2381 614 2424 suum
663 2383 891 2425 sonum
935 2367 1150 2424 servat
1191 2358 1550 2445 proximum
1606 2379 1638 2419 e
1680 2357 1930 2439 literae,
1983 2367 2054 2423 ut

419 2458 574 2544 gale
605 2459 930 2543 (scabies),
967 2459 1165 2523 Gaule
1196 2457 1484 2541 (Gallia),
1511 2459 1732 2546 gosier
1762 2460 2050 2544 (guttur),

425 2565 651 2643 goutte
682 2561 932 2643 (gutta),
965 2563 1118 2648 aiga
1151 2562 1447 2641 (acutus).
1520 2560 1611 2624 At
1639 2568 1784 2625 ante
1828 2583 1862 2623 e
1906 2568 1970 2625 et
2011 2562 2053 2641 i,

430 2679 639 2722 errore
701 2681 739 2721 a
797 2658 1030 2725 Latina
1093 2662 1607 2747 pronuntiatione
1672 2671 2047 2747 propagatO,

425 2757 599 2822 idem
640 2780 905 2842 prorsus
947 2759 1317 2847 plerumque
1368 2770 1554 2829 sonat
1597 2771 1787 2848 atque
1832 2765 1855 2824 i
1896 2785 2048 2829 con-

427 2880 663 2924 sonans
716 2857 783 2922 in
839 2859 1089 2925 Latinis
1151 2864 1449 2944 vocibus,
1509 2878 1578 2927 ut
1633 2886 1671 2927 a
1723 2864 2047 2949 plerisque

429 2961 772 3027 etiamnum
829 2960 1188 3024 enuntiatur
1237 2985 1517 3048 regere
1564 2972 1629 3027 et
1676 2963 1919 3047 regis,
1977 2972 2050 3027 ut

423 3084 557 3148 geg
571 3083 655 3139 er,
700 3064 886 3147 regir,
934 3082 1009 3124 ac
1068 3059 1123 3124 si
1184 3062 1486 3148 scriptum
1523 3063 1708 3148 gajer
1762 3069 1827 3126 et
1884 3062 2045 3143 rey'ir.

425 3161 554 3228 Sed
576 3184 788 3248 neque
819 3161 977 3227 illud
1007 3183 1216 3247 neque
1243 3162 1416 3228 istud
1448 3159 1826 3245 exceptione
1851 3170 2044 3225 caret.

422 3264 588 3329 Nam
634 3273 697 3329 et
739 3273 886 3329 ante
930 3286 969 3324 a
1017 3271 1080 3327 et
1123 3271 1270 3327 ante
1313 3287 1350 3327 o
1381 3262 1701 3328 interdum
1743 3269 1813 3325 ut
1821 3285 1863 3347 J
1893 3283 2046 3325 con-

426 3386 687 3447 sonans,
744 3374 808 3431 et
864 3373 1085 3430 contra
1138 3373 1282 3429 ante
1337 3386 1371 3427 e
1424 3372 1488 3429 et
1543 3370 1688 3427 ante
1747 3365 1772 3424 i
1819 3362 2044 3429 nativo
