2634 3992
542 322 627 386 44
1084 319 1164 372 Do
1200 317 1630 371 consonantibus,

544 494 580 536 e
641 474 1054 560 pronuntiant
1119 474 1406 535 ai-moint
1460 479 1524 537 et
1589 472 2004 556 ‹zi-meaning,
2069 470 2168 535 di-

539 573 868 661 phthongo
915 578 980 636 oi
1019 596 1135 639 suo
1183 572 1404 638 nativo
1460 593 1618 637 sono
1672 571 1922 655 prolata
1972 579 2044 636 ut
2094 571 2168 636 in

538 675 643 741 his
688 677 955 741 vocibus
1006 678 1169 756 soin,
1227 673 1464 751 bema,
1507 674 1787 736 lesmoin.
1851 672 1945 737 At
1989 695 2168 738 nunc

538 776 773 842 Franci
814 785 987 842 recte
1029 774 1513 862 pronuntiantes
1526 824 1544 855 ‚
1614 773 1903 860 quamvis
1945 783 2167 840 vetere

539 889 835 944 manente
862 878 1193 964 scriptura,
1220 877 1317 942 sic
1337 877 1466 941 ista
1488 876 1773 956 efferunt,
1797 883 1869 939 ut
1880 874 2166 960 plurales

537 1002 852 1065 personae
897 982 1206 1059 αἰηιοίεηί,
1257 979 1621 1042 aimeroient
1655 1001 1786 1043 non
1817 998 2001 1058 sono,
2047 976 2167 1041 sed

537 1081 674 1145 solo
732 1090 998 1146 accentu
1057 1080 1460 1146 circumflexo
1517 1080 1810 1144 differant
1860 1101 1901 1142 a
1942 1078 2166 1163 singu-

533 1181 773 1246 laribus
828 1184 1058 1262 aimoit,
1114 1184 1415 1262 aimeroit‚
1460 1190 1531 1245 ut
1589 1180 1648 1246 si
1703 1179 2019 1245 scribatur
2071 1179 2164 1240 ai-

533 1283 694 1361 νηὸἱί,
738 1284 1039 1347 αιἰηενόἰί.

657 1383 854 1451 Levis
899 1395 1110 1451 autem
1155 1385 1276 1450 erit
1307 1385 1498 1449 huius
1526 1384 1747 1448 literae
1781 1380 2160 1471 emendatio,

533 1484 897 1567 charactere
956 1488 1217 1552 minime
1279 1487 1608 1552 immutato
1622 1536 1639 1567 ‚
1720 1485 1836 1550 sed
1912 1481 2156 1570 duplici

529 1594 777 1651 tantum
829 1589 1012 1675 apice
1061 1588 1213 1653 huic
1274 1588 1515 1655 formae
1581 1587 1630 1670 ᾔ
1687 1586 1987 1672 imposito
2002 1635 2020 1666 ,
2085 1592 2160 1649 ut

528 1686 661 1751 iam
703 1710 925 1754 omnes
968 1690 1210 1755 nullam
1251 1690 1359 1755 hic
1405 1711 1550 1755 esse
1594 1688 1914 1755 Graecum
1959 1708 1999 1749 υ
2039 1709 2160 1752 no-

528 1787 674 1869 rint,
736 1790 851 1854 sed
895 1790 1131 1878 duplex
1175 1792 1236 1874 ij,
1290 1812 1611 1876 nusquam
1661 1788 1816 1854 alibi
1871 1787 2157 1855 scriben-

532 1889 680 1954 dum
738 1912 925 1976 quam
975 1903 1126 1980 post
1179 1891 1611 1979 diphthongos
1668 1892 1735 1952 αἱ
1771 1891 1878 1954 vel
1918 1891 1996 1971 oi,
2055 1911 2159 1954 se-

530 1991 869 2075 quentibus
945 2016 1103 2079 quas
1181 1993 1315 2057 dixi
1401 1991 1505 2056 vel
1574 1990 1985 2076 diphthongis
2052 1990 2158 2055 vel

525 2091 977 2178 triphthongis.

1254 2245 1437 2320 Zz.

653 2396 839 2463 Haec
868 2399 1057 2464 litera
1080 2399 1481 2484 respondens
1506 2397 1952 2463 Hebraeorum
1980 2395 2150 2476 zain,

526 2520 656 2562 non
712 2510 924 2564 autem
968 2501 1311 2565 eorundem
1352 2500 1555 2581 tsade‚
1611 2522 1736 2564 nec
1773 2497 2152 2562 Latinorum

525 2607 736 2680 zetae‚
799 2600 1113 2666 dictiones
1159 2601 1407 2686 aliquas
1461 2602 1833 2686 peregrinas
1893 2599 2155 2665 inchoat

524 2707 595 2762 ut
649 2699 937 2784 Zephire,
994 2701 1310 2765 Zaeinthe.
1398 2702 1577 2768 Usus
1635 2702 1827 2768 ctiam
1878 2701 2155 2768 obtinuit

521 2801 907 2868 necessitate
951 2804 1243 2887 quadam,
1287 2813 1360 2868 ut
1400 2805 1471 2869 in
1527 2805 1784 2870 nomine
1835 2803 2151 2869 numerali

524 2923 683 2964 unze
747 2903 1089 2985 scribatur,
1148 2905 1299 2991 quia
1343 2906 1401 2972 si
1454 2929 1487 2969 s
1548 2905 1955 2987 scriberetur,
2011 2914 2147 2969 tum

521 3003 769 3089 integro
818 3005 1009 3071 sibilo
1061 3010 1580 3092 pronuntiaretur
1637 3031 1849 3089 unsse,
1911 3029 2142 3092 nempe

522 3126 556 3165 s
598 3106 765 3171 inter
808 3117 1264 3174 consonantem
1317 3110 1803 3197 praecedentem
1848 3118 1913 3175 et
1952 3132 2148 3175 voca·

520 3206 644 3271 lem
679 3218 1048 3294 sequentem
1079 3210 1496 3296 deprehensa,
1544 3212 1731 3278 sicuti
1768 3210 1838 3274 in
1876 3210 2147 3296 sigmate

522 3307 818 3373 diximus.
903 3312 995 3374 At
1037 3333 1192 3376 usus
1235 3323 1483 3398 postea,
1527 3335 1658 3377 non
1703 3311 1922 3377 eadem
1960 3309 2148 3392 ratic,
