2634 3992
559 373 642 438 36
1100 368 1181 422 De
1215 368 1645 422 consonantibus.

562 523 788 607 (vitis).
855 520 1199 588 Germanis
1236 544 1391 587 vero
1437 521 1648 586 danda
1690 530 1789 587 est
1830 541 2046 605 opera,
2103 541 2189 583 ne

559 626 738 690 illam
780 647 928 690 cum
968 622 1002 686 b
1049 623 1470 703 confundant,
1516 623 1719 688 veluti
1761 644 1910 687 cum
1950 622 2190 686 brae

561 736 847 814 ceptor
889 726 1109 792 dicunt
1147 746 1266 811 pro
1308 733 1814 810 praeceptor.

1286 876 1472 975 Qq-

686 1029 876 1096 Haec
912 1050 1277 1094 consonans
1317 1029 1634 1114 syllabam
1675 1027 1988 1093 inchoans
2019 1049 2191 1092 sem·

555 1153 675 1217 per
721 1130 918 1196 habet
958 1152 1001 1192 u
1040 1130 1337 1195 vocalem
1388 1130 1780 1210 adiunctam,
1840 1129 1957 1195 sed
2009 1128 2192 1214 quie-

560 1239 868 1313 scentem,
909 1239 984 1295 ut
1010 1255 1125 1297 suo
1168 1232 1312 1297 loco
1358 1233 1675 1313 dicemus,
1719 1239 1786 1296 et
1825 1230 1949 1296 hoc
1991 1253 2193 1295 unum

557 1333 979 1415 indicantem,
1022 1333 1193 1400 hanc
1229 1342 1723 1414 consonantem,
1769 1353 2190 1417 quaecunque

560 1443 865 1522 sequatur
903 1436 1172 1519 vocalis,
1216 1437 1391 1502 idem
1438 1434 1654 1500 valere
1692 1442 1885 1519 atque
1922 1432 1964 1495 k
1989 1433 2060 1497 id
2088 1440 2192 1499 est

558 1535 958 1603 Graecorum
1015 1560 1252 1624 cappa,
1309 1538 1451 1603 sive
1502 1535 1949 1602 Hebraeorum
1999 1534 2188 1620 coph,

558 1647 635 1702 ut
688 1637 908 1724 quand
958 1638 1286 1724 (quando),
1355 1645 1553 1724 quant
1615 1636 1995 1722 (qnantum),
2068 1658 2194 1721 que

560 1739 806 1825 (qnod),
864 1742 976 1824 qui
1048 1739 1274 1825 (quis),
1320 1738 1642 1825 quotidien
1703 1737 2189 1824 (quotidianus),

562 1840 750 1925 quasi
793 1839 1105 1926 scriptum
1148 1841 1233 1905 sit
1281 1838 1475 1922 hand,
1528 1841 1698 1919 kant,
1751 1840 1849 1921 ke,
1891 1839 1971 1902 hi.
2058 1838 2192 1904 Re-

560 1941 807 2005 dundat
846 1940 1044 2026 igitur
1082 1940 1269 2006 litera
1297 1965 1331 2004 c
1378 1942 1476 2007 illi
1508 1967 1548 2008 a
1582 1943 1971 2029 quibusdam
2001 1963 2192 2027 prae-

559 2042 779 2128 posita
828 2043 897 2106 in
952 2042 1279 2108 nonnullis
1337 2045 1692 2127 vocabulis,
1747 2053 1819 2109 ut
1859 2063 2192 2128 avec-ques,

549 2141 850 2230 pioquer,
907 2145 1084 2209 nullo
1133 2168 1400 2231 prorsus
1451 2168 1575 2211 usu
1590 2198 1607 2229 ,
1665 2169 1862 2232 quum
1915 2144 2194 2211 sufficiat

563 2245 847 2311 scribere
900 2268 1176 2332 aveques
1230 2257 1296 2312 et
1337 2251 1589 2334 piquer.
1676 2247 2007 2333 Syllabam
2046 2248 2194 2312 finit

561 2356 871 2432 quantum
918 2369 1187 2434 possum
1251 2349 1627 2414 meminisse
1693 2349 1766 2412 in
1819 2348 1943 2414 hac
1998 2349 2194 2414 unica

560 2447 851 2512 dictione
912 2471 1030 2534 coq
1086 2450 1320 2535 (gallus
1363 2450 1804 2535 gallinaceus);
1862 2450 1978 2515 sed
2021 2450 2194 2516 desi-

558 2551 782 2615 nentia
820 2544 892 2615 i1i
935 2573 968 2612 c
1007 2549 1285 2637 plurima
1327 2553 1642 2619 vocabula
1684 2552 2047 2618 scribuntur
2073 2574 2194 2639 per

560 2673 647 2736 qu
688 2651 760 2715 in
800 2650 1126 2733 derivatis,
1170 2660 1241 2716 ut
1277 2651 1595 2739 rebeqaer,
1624 2654 1876 2741 bequer,
1908 2653 2187 2739 claqner,

562 2748 856 2836 choqner,
901 2750 1259 2838 dcfroquer,
1297 2777 1565 2842 greque,
1604 2758 2027 2842 fantastique,
2057 2779 2191 2841 pu·

562 2848 789 2937 blique,
839 2875 1119 2939 oroque-r,
1161 2879 1202 2920 a
1242 2854 1437 2938 rebec,
1480 2856 1606 2941 bec,
1650 2858 1800 2940 elac,
1831 2858 2001 2940 eboc,
2013 2860 2190 2941 froc,

556 2974 732 3040 grec,
750 2952 1085 3038 fantastiC,
1115 2954 1354 3043 public,
1386 2983 1545 3025 croc.
1608 2960 1945 3042 Quaedam
1971 2968 2191 3024 tamen

562 3052 883 3120 eiusmodi
934 3055 1212 3124 formant
1264 3061 1553 3128 derivata
1603 3085 1736 3127 non
1787 3062 1861 3127 in
1904 3084 2012 3147 qu,
2072 3060 2190 3126 sed

559 3154 633 3219 in
674 3155 766 3236 cb,
815 3164 890 3221 ut
932 3158 1148 3244 duche,
1207 3162 1440 3245 sachet,
1494 3164 1698 3247 seclae,
1748 3162 1989 3243 rocher,
2039 3159 2184 3224 des-

558 3255 794 3338 iucher,
839 3259 1147 3343 acrocher,
1202 3287 1242 3329 a
1281 3266 1650 3332 nominibus
1698 3264 1839 3346 duc,
1883 3285 2013 3344 sae,
2054 3285 2185 3347 see,

562 3379 692 3439 roc,
740 3358 973 3443 desine,
1017 3386 1175 3428 croc.
