2634 3992
1116 383 1472 438 Praefatio.
2059 382 2104 448 5

480 562 627 607 esse
665 538 840 604 velit.
917 535 1257 603 Caeterum
1301 557 1444 601 cum
1488 534 1654 601 hanc
1698 556 1949 622 quoque
1992 533 2105 603 Gi·-

476 642 740 707 vitatem
773 647 836 705 et
864 636 1227 704 Ecclesiam
1266 646 1402 702 tum
1441 639 1806 724 praesentia
1843 647 1956 704 tua
1997 660 2105 705 co-

478 740 861 822 honestaris,
902 747 1040 804 tum
1081 740 1273 806 etiam
1300 738 1591 826 plurimis
1629 738 2102 806 honestissimis

478 842 791 929 exemplis
833 838 1192 922 illustraris,
1242 841 1467 926 putavi
1505 841 1626 908 tibi
1665 842 1925 908 minime
1966 841 2103 908 fore

476 945 792 1031 ingratum
805 995 821 1026 ,
876 942 936 1009 si
980 952 1051 1008 te
1095 964 1135 1008 a
1170 942 1365 1008 nobis
1409 942 1841 1010 discedentem
1883 942 2097 1029 aliquo

479 1067 710 1133 genere
763 1043 957 1110 officii
1006 1064 1448 1131 prosequerer.
1534 1043 1838 1112 Praebuit
1886 1052 2100 1111 autem

473 1144 628 1212 mihi
672 1155 1107 1233 argumentum
1147 1154 1259 1211 tua
1308 1145 1381 1210 in
1421 1144 1757 1212 Franciam
1798 1153 2102 1233 suscepta

468 1247 810 1335 profectiO,
872 1246 1054 1313 cuius
1112 1246 1453 1313 occasione
1505 1267 1648 1312 cum
1698 1247 1894 1313 multa
1943 1247 2100 1313 mihi

470 1372 513 1415 a
552 1349 768 1415 multis
802 1352 939 1436 jam
977 1346 1164 1413 annis
1196 1347 1275 1411 de
1299 1345 1611 1411 Francico
1640 1346 1940 1413 idiomate
1967 1370 2099 1413 me·-

470 1451 673 1516 ditata
723 1451 795 1514 in
854 1455 1129 1513 mentem
1181 1446 1542 1529 venissent,
1609 1455 1674 1512 et
1731 1456 1797 1513 te
1863 1470 2100 1534 cogno·-

470 1551 752 1619 scendae
799 1568 1050 1635 quoque
1089 1546 1267 1612 illius
1309 1546 1565 1633 linguae
1609 1569 1853 1615 summo
1895 1551 2100 1616 teneri

475 1649 793 1716 desiderio
840 1649 1461 1714 animadvertissem:
1515 1647 1696 1715 hisce
1735 1650 1914 1716 feriis
1956 1652 2097 1718 vin-

477 1750 853 1817 demialibus
896 1749 1010 1814 illa
1045 1749 1164 1815 tibi
1209 1757 1274 1815 et
1315 1750 1459 1816 aliis
1490 1751 1746 1838 ,aliquot
1770 1754 2094 1820 nobilibus

475 1849 812 1919 Germanis
863 1851 1160 1938 privatim
1218 1851 1515 1937 exposui,
1571 1875 1735 1939 quae
1787 1878 1959 1922 nunc
2013 1857 2096 1922 ad

474 1961 540 2019 te
582 1953 911 2039 recognita
954 1962 1018 2019 et
1060 1953 1394 2018 emendata
1432 1953 1630 2036 mitto,
1680 1963 1751 2020 ut
1793 1979 1985 2042 quum
2024 1959 2095 2024 in

467 2052 806 2120 Franciam
844 2055 1132 2137 veneriS‚
1183 2077 1306 2121 usu
1348 2055 1492 2140 ipso
1537 2066 1883 2142 agnoscas,
1929 2083 2094 2145 quae

467 2155 843 2242 quibusdam
895 2154 1137 2241 regulis
1188 2179 1228 2219 a
1274 2178 1381 2221 me
1423 2178 1555 2222 non
1597 2166 1833 2226 temere
1873 2161 2092 2227 obser-

463 2266 613 2322 vata
642 2258 1015 2342 comperies.
1089 2256 1283 2338 Quod
1313 2260 1371 2324 si
1402 2260 1548 2344 quis
1581 2261 1700 2326 erit
1734 2261 1845 2346 qui
1890 2262 2092 2348 scrip-

461 2358 808 2424 tiunculam
846 2358 1038 2423 istam
1088 2367 1157 2423 ut
1204 2382 1417 2446 neque
1455 2361 1839 2447 professioni
1880 2384 2091 2447 neque

462 2479 774 2543 personae
804 2481 984 2523 meae
1015 2461 1504 2526 convenientem
1530 2462 1969 2549 reprehendat,
2011 2463 2089 2529 il-

465 2556 598 2620 lum
642 2559 920 2643 cogitare
959 2559 1173 2642 velim,
1221 2560 1398 2628 aliud
1439 2585 1601 2646 esse,
1647 2563 1843 2628 animi
1885 2565 2092 2650 gratia

463 2657 752 2721 nonnihil
794 2661 1139 2745 exspatiari
1152 2712 1169 2743 ,
1230 2685 1420 2748 quam
1474 2674 1651 2730 extra
1693 2667 1863 2731 viam
1905 2667 2087 2732 aber-

461 2778 622 2822 rare.
674 2757 762 2823 Et
787 2769 1231 2847 praeterquam
1259 2766 1432 2849 quod
1457 2767 1527 2831 in
1554 2766 1809 2834 homine
1834 2766 2085 2833 Franco

460 2858 855 2943 probandum
907 2860 1095 2925 etiam
1137 2862 1389 2930 videtur
1435 2869 1680 2935 ruentis
1733 2869 1787 2934 F
1789 2869 2085 2935 rancicae

459 2958 716 3044 linguae
759 2958 1117 3026 fulciendae
1162 2965 1459 3048 studium,
1510 2991 1774 3054 possum
1824 2993 1942 3055 ego
1985 2992 2088 3034 me

456 3068 589 3124 tum
619 3059 910 3125 Platonis
942 3060 1020 3125 de
1049 3060 1373 3131 literarum
1404 3067 1730 3134 elementis
1759 3070 1828 3134 in
1860 3068 2086 3155 Craty-

456 3161 519 3226 lo
562 3171 689 3226 tam
735 3162 1052 3229 subtiliter
1093 3164 1497 3251 disputantis,
1527 3176 1658 3233 tum
1702 3169 1892 3234 etiam
1921 3168 2087 3236 Cae-

458 3261 620 3327 saris
650 3263 909 3328 maximi
940 3265 1065 3329 viri
1094 3268 1385 3352 exemplo
1427 3270 1607 3352 tueri,
1650 3271 1754 3336 cui
1784 3270 1853 3334 in
1883 3270 2084 3335 maxi-

451 3362 573 3428 mis
630 3362 818 3428 etiam
873 3368 1400 3454 occupationibus
1457 3380 1701 3437 tantum
1760 3372 1879 3438 fuit
1933 3374 2082 3458 ocii,
