<?xml version="1.0" encoding="UTF-8"?>
<!DOCTYPE html PUBLIC "-//W3C//DTD XHTML 1.0 Transitional//EN"
    "http://www.w3.org/TR/xhtml1/DTD/xhtml1-transitional.dtd">
<html xmlns="http://www.w3.org/1999/xhtml" xml:lang="en" lang="en">
 <head>
  <title>
</title>
<meta http-equiv="Content-Type" content="text/html;charset=utf-8" />
  <meta name='ocr-system' content='tesseract 3.04.00' />
  <meta name='ocr-capabilities' content='ocr_page ocr_carea ocr_par ocr_line ocrx_word'/>
</head>
<body>
  <div class='ocr_page' id='page_1' title='image "./defrancicaeling01toblgoog_0069.png"; bbox 0 0 2634 3992; ppageno 0'>
   <div class='ocr_carea' id='block_1_1' title="bbox 889 322 2058 391">
    <p class='ocr_par' dir='ltr' id='par_1_1' title="bbox 889 322 2058 391">
     <span class='ocr_line' id='line_1_1' title="bbox 889 322 2058 391; baseline 0 -17"><span class='ocrx_word' id='word_1_1' title='bbox 889 322 1029 380; x_wconf 85' lang='lat' dir='ltr'>Eau.</span> <span class='ocrx_word' id='word_1_2' title='bbox 1098 323 1211 377; x_wconf 86' lang='lat' dir='ltr'>Ieu.</span> <span class='ocrx_word' id='word_1_3' title='bbox 1285 323 1382 376; x_wconf 84' lang='lat' dir='ltr'>Iei.</span> <span class='ocrx_word' id='word_1_4' title='bbox 1454 323 1585 378; x_wconf 85' lang='lat' dir='ltr'>Ueu.</span> <span class='ocrx_word' id='word_1_5' title='bbox 1975 325 2058 391; x_wconf 84' lang='lat'>59</span> 
     </span>
    </p>
   </div>
   <div class='ocr_carea' id='block_1_2' title="bbox 435 471 2059 866">
    <p class='ocr_par' dir='ltr' id='par_1_2' title="bbox 435 471 2059 866">
     <span class='ocr_line' id='line_1_2' title="bbox 436 471 2059 564; baseline 0.004 -28"><span class='ocrx_word' id='word_1_6' title='bbox 436 471 554 536; x_wconf 88' lang='lat' dir='ltr'>tim</span> <span class='ocrx_word' id='word_1_7' title='bbox 613 473 1123 559; x_wconf 75' lang='lat' dir='ltr'>pronuntiandae</span> <span class='ocrx_word' id='word_1_8' title='bbox 1203 475 1580 557; x_wconf 88' lang='lat' dir='ltr'>assuefiant,</span> <span class='ocrx_word' id='word_1_9' title='bbox 1661 485 1881 563; x_wconf 80' lang='lat' dir='ltr'>utpote</span> <span class='ocrx_word' id='word_1_10' title='bbox 1951 479 2059 564; x_wconf 91' lang='lat' dir='ltr'>qui</span> 
     </span>
     <span class='ocr_line' id='line_1_3' title="bbox 436 572 2058 663; baseline 0.005 -27"><span class='ocrx_word' id='word_1_11' title='bbox 436 572 600 636; x_wconf 79' lang='lat' dir='ltr'>D&#39;ieu</span> <span class='ocrx_word' id='word_1_12' title='bbox 667 575 849 660; x_wconf 90' lang='lat' dir='ltr'>quasi</span> <span class='ocrx_word' id='word_1_13' title='bbox 916 574 1334 660; x_wconf 84' lang='lat' dir='ltr'>dissyllabum</span> <span class='ocrx_word' id='word_1_14' title='bbox 1417 585 1481 641; x_wconf 91' lang='lat' dir='ltr'>et</span> <span class='ocrx_word' id='word_1_15' title='bbox 1537 577 1787 663; x_wconf 89' lang='lat' dir='ltr'>quidem</span> <span class='ocrx_word' id='word_1_16' title='bbox 1849 578 2058 663; x_wconf 91' lang='lat' dir='ltr'>priore</span> 
     </span>
     <span class='ocr_line' id='line_1_4' title="bbox 435 675 2058 764; baseline 0.003 -26"><span class='ocrx_word' id='word_1_17' title='bbox 435 675 745 759; x_wconf 88' lang='lat' dir='ltr'>producta</span> <span class='ocrx_word' id='word_1_18' title='bbox 779 675 1061 761; x_wconf 88' lang='lat' dir='ltr'>proferre</span> <span class='ocrx_word' id='word_1_19' title='bbox 1103 678 1569 743; x_wconf 86' lang='lat' dir='ltr'>consueverint.</span> <span class='ocrx_word' id='word_1_20' title='bbox 1643 678 1732 743; x_wconf 89' lang='lat' dir='ltr'>Et</span> <span class='ocrx_word' id='word_1_21' title='bbox 1768 678 1890 743; x_wconf 90' lang='lat' dir='ltr'>hae</span> <span class='ocrx_word' id='word_1_22' title='bbox 1921 680 2058 764; x_wconf 88' lang='lat' dir='ltr'>qui-</span> 
     </span>
     <span class='ocr_line' id='line_1_5' title="bbox 437 775 2059 866; baseline 0.004 -27"><span class='ocrx_word' id='word_1_23' title='bbox 437 775 580 841; x_wconf 90' lang='lat' dir='ltr'>dem</span> <span class='ocrx_word' id='word_1_24' title='bbox 633 786 781 842; x_wconf 88' lang='lat' dir='ltr'>sunt</span> <span class='ocrx_word' id='word_1_25' title='bbox 831 800 1022 843; x_wconf 86' lang='lat' dir='ltr'>verae</span> <span class='ocrx_word' id='word_1_26' title='bbox 1063 778 1485 865; x_wconf 84' lang='lat' dir='ltr'>triphthongi3</span> <span class='ocrx_word' id='word_1_27' title='bbox 1542 803 1706 866; x_wconf 90' lang='lat' dir='ltr'>quae</span> <span class='ocrx_word' id='word_1_28' title='bbox 1760 802 1912 845; x_wconf 84' lang='lat' dir='ltr'>vero</span> <span class='ocrx_word' id='word_1_29' title='bbox 1960 802 2059 845; x_wconf 90' lang='lat' dir='ltr'>se-</span> 
     </span>
    </p>
   </div>
   <div class='ocr_carea' id='block_1_3' title="bbox 439 879 2060 1042">
    <p class='ocr_par' dir='ltr' id='par_1_3' title="bbox 439 879 2060 1042">
     <span class='ocr_line' id='line_1_6' title="bbox 439 879 2060 967; baseline 0.003 -27"><span class='ocrx_word' id='word_1_30' title='bbox 439 889 714 961; x_wconf 86' lang='lat' dir='ltr'>quuntur</span> <span class='ocrx_word' id='word_1_31' title='bbox 769 888 916 944; x_wconf 89' lang='lat' dir='ltr'>sunt</span> <span class='ocrx_word' id='word_1_32' title='bbox 967 879 1389 961; x_wconf 78' lang='lat' dir='ltr'>adulterinae,</span> <span class='ocrx_word' id='word_1_33' title='bbox 1456 903 1684 967; x_wconf 88' lang='lat' dir='ltr'>nempe</span> <span class='ocrx_word' id='word_1_34' title='bbox 1748 883 1846 963; x_wconf 79' lang='lat' dir='ltr'>ici,</span> <span class='ocrx_word' id='word_1_35' title='bbox 1917 904 2060 964; x_wconf 77' lang='lat' dir='ltr'>neu,</span> 
     </span>
     <span class='ocr_line' id='line_1_7' title="bbox 440 980 682 1042; baseline 0.004 -1"><span class='ocrx_word' id='word_1_36' title='bbox 440 986 506 1041; x_wconf 84' lang='lat' dir='ltr'>et</span> <span class='ocrx_word' id='word_1_37' title='bbox 558 980 682 1042; x_wconf 81' lang='lat' dir='ltr'>oui.</span> 
     </span>
    </p>
   </div>
   <div class='ocr_carea' id='block_1_4' title="bbox 1179 1135 1306 1210">
    <p class='ocr_par' dir='ltr' id='par_1_4' title="bbox 1179 1135 1306 1210">
     <span class='ocr_line' id='line_1_8' title="bbox 1179 1135 1306 1210; baseline 0.016 -2"><span class='ocrx_word' id='word_1_38' title='bbox 1179 1135 1228 1207; x_wconf 95' lang='lat' dir='ltr'><em>I</em></span> <span class='ocrx_word' id='word_1_39' title='bbox 1221 1135 1306 1210; x_wconf 77' lang='lat' dir='ltr'>ei.</span> 
     </span>
    </p>
   </div>
   <div class='ocr_carea' id='block_1_5' title="bbox 434 1281 2065 1954">
    <p class='ocr_par' dir='ltr' id='par_1_5' title="bbox 434 1281 2065 1954">
     <span class='ocr_line' id='line_1_9' title="bbox 563 1281 2060 1366; baseline -0.001 -16"><span class='ocrx_word' id='word_1_40' title='bbox 563 1281 675 1350; x_wconf 88' lang='lat' dir='ltr'>Sic</span> <span class='ocrx_word' id='word_1_41' title='bbox 705 1284 1004 1351; x_wconf 77' lang='lat' dir='ltr'><strong>scribitur</strong></span> <span class='ocrx_word' id='word_1_42' title='bbox 1032 1284 1192 1350; x_wconf 87' lang='lat' dir='ltr'>haec</span> <span class='ocrx_word' id='word_1_43' title='bbox 1234 1309 1363 1351; x_wconf 80' lang='lat' dir='ltr'>vox</span> <span class='ocrx_word' id='word_1_44' title='bbox 1408 1286 1609 1349; x_wconf 78' lang='lat' dir='ltr'>vieille</span> <span class='ocrx_word' id='word_1_45' title='bbox 1653 1287 1942 1366; x_wconf 78' lang='lat' dir='ltr'>(vetula),</span> <span class='ocrx_word' id='word_1_46' title='bbox 1991 1286 2060 1350; x_wconf 90' lang='lat' dir='ltr'>in</span> 
     </span>
     <span class='ocr_line' id='line_1_10' title="bbox 437 1386 2058 1471; baseline 0 -22"><span class='ocrx_word' id='word_1_47' title='bbox 437 1406 564 1470; x_wconf 88' lang='lat' dir='ltr'>qua</span> <span class='ocrx_word' id='word_1_48' title='bbox 605 1386 848 1450; x_wconf 86' lang='lat' dir='ltr'>vocalis</span> <span class='ocrx_word' id='word_1_49' title='bbox 907 1389 930 1447; x_wconf 89' lang='lat' dir='ltr'>i</span> <span class='ocrx_word' id='word_1_50' title='bbox 971 1386 1347 1470; x_wconf 83' lang='lat' dir='ltr'>apponitur,</span> <span class='ocrx_word' id='word_1_51' title='bbox 1402 1410 1533 1451; x_wconf 92' lang='lat' dir='ltr'>non</span> <span class='ocrx_word' id='word_1_52' title='bbox 1576 1395 1645 1450; x_wconf 89' lang='lat' dir='ltr'>ut</span> <span class='ocrx_word' id='word_1_53' title='bbox 1687 1386 2058 1471; x_wconf 85' lang='lat' dir='ltr'>proferatur,</span> 
     </span>
     <span class='ocr_line' id='line_1_11' title="bbox 437 1485 2060 1570; baseline -0.001 -20"><span class='ocrx_word' id='word_1_54' title='bbox 437 1486 553 1551; x_wconf 92' lang='lat' dir='ltr'>sed</span> <span class='ocrx_word' id='word_1_55' title='bbox 596 1495 667 1550; x_wconf 92' lang='lat' dir='ltr'>ut</span> <span class='ocrx_word' id='word_1_56' title='bbox 694 1485 990 1551; x_wconf 87' lang='lat' dir='ltr'>ostendat</span> <span class='ocrx_word' id='word_1_57' title='bbox 1019 1485 1253 1570; x_wconf 82' lang='lat' dir='ltr'>duplex</span> <span class='ocrx_word' id='word_1_58' title='bbox 1296 1485 1344 1547; x_wconf 75' lang='lat' dir='ltr'>ll</span> <span class='ocrx_word' id='word_1_59' title='bbox 1387 1508 1531 1550; x_wconf 90' lang='lat' dir='ltr'>esse</span> <span class='ocrx_word' id='word_1_60' title='bbox 1562 1486 1832 1550; x_wconf 89' lang='lat' dir='ltr'>molliter</span> <span class='ocrx_word' id='word_1_61' title='bbox 1865 1508 2060 1549; x_wconf 90' lang='lat' dir='ltr'>enun-</span> 
     </span>
     <span class='ocr_line' id='line_1_12' title="bbox 434 1585 2060 1666; baseline 0.001 -16"><span class='ocrx_word' id='word_1_62' title='bbox 434 1586 749 1666; x_wconf 89' lang='lat' dir='ltr'>tiandum,</span> <span class='ocrx_word' id='word_1_63' title='bbox 810 1586 977 1650; x_wconf 89' lang='lat' dir='ltr'>sicut</span> <span class='ocrx_word' id='word_1_64' title='bbox 1027 1585 1094 1649; x_wconf 90' lang='lat' dir='ltr'>in</span> <span class='ocrx_word' id='word_1_65' title='bbox 1150 1585 1176 1648; x_wconf 87' lang='lat' dir='ltr'>l</span> <span class='ocrx_word' id='word_1_66' title='bbox 1224 1586 1410 1649; x_wconf 87' lang='lat' dir='ltr'>litera</span> <span class='ocrx_word' id='word_1_67' title='bbox 1463 1585 1810 1651; x_wconf 87' lang='lat' dir='ltr'>docuimus.</span> <span class='ocrx_word' id='word_1_68' title='bbox 1897 1586 2060 1651; x_wconf 90' lang='lat' dir='ltr'>Nam</span> 
     </span>
     <span class='ocr_line' id='line_1_13' title="bbox 439 1685 2065 1773; baseline -0.001 -23"><span class='ocrx_word' id='word_1_69' title='bbox 439 1685 681 1770; x_wconf 86' lang='lat' dir='ltr'>alioqui</span> <span class='ocrx_word' id='word_1_70' title='bbox 734 1685 1285 1771; x_wconf 82' lang='lat' dir='ltr'>pronuntiaremus</span> <span class='ocrx_word' id='word_1_71' title='bbox 1341 1686 1494 1750; x_wconf 80' lang='lat' dir='ltr'>viele</span> <span class='ocrx_word' id='word_1_72' title='bbox 1546 1709 1663 1772; x_wconf 92' lang='lat' dir='ltr'>per</span> <span class='ocrx_word' id='word_1_73' title='bbox 1714 1687 1984 1773; x_wconf 82' lang='lat' dir='ltr'>simplex</span> <span class='ocrx_word' id='word_1_74' title='bbox 2038 1686 2065 1748; x_wconf 84' lang='lat' dir='ltr'><em>l</em></span> 
     </span>
     <span class='ocr_line' id='line_1_14' title="bbox 441 1786 2059 1874; baseline 0 -23"><span class='ocrx_word' id='word_1_75' title='bbox 441 1795 504 1851; x_wconf 91' lang='lat' dir='ltr'>et</span> <span class='ocrx_word' id='word_1_76' title='bbox 555 1786 731 1874; x_wconf 86' lang='lat' dir='ltr'>prius</span> <span class='ocrx_word' id='word_1_77' title='bbox 795 1810 829 1850; x_wconf 86' lang='lat' dir='ltr'>e</span> <span class='ocrx_word' id='word_1_78' title='bbox 871 1796 1187 1870; x_wconf 87' lang='lat' dir='ltr'>apertum,</span> <span class='ocrx_word' id='word_1_79' title='bbox 1258 1789 1427 1873; x_wconf 90' lang='lat' dir='ltr'>quod</span> <span class='ocrx_word' id='word_1_80' title='bbox 1496 1799 1594 1853; x_wconf 91' lang='lat' dir='ltr'>est</span> <span class='ocrx_word' id='word_1_81' title='bbox 1661 1788 2059 1854; x_wconf 82' lang='lat' dir='ltr'>instrumenti</span> 
     </span>
     <span class='ocr_line' id='line_1_15' title="bbox 437 1886 1335 1954; baseline 0.003 -3"><span class='ocrx_word' id='word_1_82' title='bbox 437 1886 761 1953; x_wconf 86' lang='lat' dir='ltr'>cuiusdam</span> <span class='ocrx_word' id='word_1_83' title='bbox 806 1887 1035 1953; x_wconf 90' lang='lat' dir='ltr'>musici</span> <span class='ocrx_word' id='word_1_84' title='bbox 1079 1912 1335 1954; x_wconf 90' lang='lat' dir='ltr'>nomen.</span> 
     </span>
    </p>
   </div>
   <div class='ocr_carea' id='block_1_6' title="bbox 1163 2068 1331 2117">
    <p class='ocr_par' dir='ltr' id='par_1_6' title="bbox 1163 2068 1331 2117">
     <span class='ocr_line' id='line_1_16' title="bbox 1163 2068 1331 2117; baseline -0.006 -1"><span class='ocrx_word' id='word_1_85' title='bbox 1163 2068 1331 2117; x_wconf 69' lang='lat' dir='ltr'>&#39;Meu-</span> 
     </span>
    </p>
   </div>
   <div class='ocr_carea' id='block_1_7' title="bbox 436 2192 2061 3292">
    <p class='ocr_par' dir='ltr' id='par_1_7' title="bbox 436 2192 2061 3292">
     <span class='ocr_line' id='line_1_17' title="bbox 559 2192 2057 2281; baseline -0.004 -21"><span class='ocrx_word' id='word_1_86' title='bbox 559 2194 623 2260; x_wconf 93' lang='lat' dir='ltr'>N</span> <span class='ocrx_word' id='word_1_87' title='bbox 625 2217 660 2260; x_wconf 89' lang='lat' dir='ltr'>e</span> <span class='ocrx_word' id='word_1_88' title='bbox 700 2194 863 2261; x_wconf 89' lang='lat' dir='ltr'>haec</span> <span class='ocrx_word' id='word_1_89' title='bbox 907 2196 1160 2281; x_wconf 89' lang='lat' dir='ltr'>quidem</span> <span class='ocrx_word' id='word_1_90' title='bbox 1204 2204 1304 2259; x_wconf 88' lang='lat' dir='ltr'>est</span> <span class='ocrx_word' id='word_1_91' title='bbox 1348 2192 1818 2280; x_wconf 79' lang='lat' dir='ltr'>triphthonguS,</span> <span class='ocrx_word' id='word_1_92' title='bbox 1866 2213 2057 2275; x_wconf 89' lang='lat' dir='ltr'>quum</span> 
     </span>
     <span class='ocr_line' id='line_1_18' title="bbox 438 2292 2059 2379; baseline -0.002 -21"><span class='ocrx_word' id='word_1_93' title='bbox 438 2294 508 2358; x_wconf 87' lang='lat' dir='ltr'>in</span> <span class='ocrx_word' id='word_1_94' title='bbox 564 2295 685 2360; x_wconf 86' lang='lat' dir='ltr'>hac</span> <span class='ocrx_word' id='word_1_95' title='bbox 748 2297 935 2361; x_wconf 88' lang='lat' dir='ltr'>trium</span> <span class='ocrx_word' id='word_1_96' title='bbox 1001 2297 1322 2363; x_wconf 76' lang='lat' dir='ltr'>vocalium</span> <span class='ocrx_word' id='word_1_97' title='bbox 1387 2294 1703 2379; x_wconf 81' lang='lat' dir='ltr'>congerie,</span> <span class='ocrx_word' id='word_1_98' title='bbox 1780 2292 1920 2357; x_wconf 87' lang='lat' dir='ltr'>sola</span> <span class='ocrx_word' id='word_1_99' title='bbox 1984 2315 2059 2355; x_wconf 83' lang='lat' dir='ltr'>eu</span> 
     </span>
     <span class='ocr_line' id='line_1_19' title="bbox 440 2392 2057 2484; baseline -0.002 -24"><span class='ocrx_word' id='word_1_100' title='bbox 440 2395 870 2484; x_wconf 85' lang='lat' dir='ltr'>diphthongus</span> <span class='ocrx_word' id='word_1_101' title='bbox 924 2399 1245 2479; x_wconf 88' lang='lat' dir='ltr'>audiatur,</span> <span class='ocrx_word' id='word_1_102' title='bbox 1312 2419 1356 2457; x_wconf 82' lang='grc' dir='ltr'>ιι</span> <span class='ocrx_word' id='word_1_103' title='bbox 1410 2393 1620 2460; x_wconf 81' lang='lat' dir='ltr'>vocali</span> <span class='ocrx_word' id='word_1_104' title='bbox 1672 2392 2057 2479; x_wconf 85' lang='lat' dir='ltr'>praeposita,</span> 
     </span>
     <span class='ocr_line' id='line_1_20' title="bbox 436 2493 2061 2581; baseline -0.003 -20"><span class='ocrx_word' id='word_1_105' title='bbox 436 2519 567 2561; x_wconf 90' lang='lat' dir='ltr'>non</span> <span class='ocrx_word' id='word_1_106' title='bbox 615 2506 685 2560; x_wconf 89' lang='lat' dir='ltr'>ut</span> <span class='ocrx_word' id='word_1_107' title='bbox 738 2498 1060 2581; x_wconf 84' lang='lat' dir='ltr'>efferatur,</span> <span class='ocrx_word' id='word_1_108' title='bbox 1126 2499 1244 2565; x_wconf 91' lang='lat' dir='ltr'>sed</span> <span class='ocrx_word' id='word_1_109' title='bbox 1284 2504 1358 2560; x_wconf 87' lang='lat' dir='ltr'>ut</span> <span class='ocrx_word' id='word_1_110' title='bbox 1400 2495 1722 2575; x_wconf 88' lang='lat' dir='ltr'>ostendat,</span> <span class='ocrx_word' id='word_1_111' title='bbox 1791 2516 1823 2556; x_wconf 82' lang='lat' dir='ltr'>c</span> <span class='ocrx_word' id='word_1_112' title='bbox 1867 2493 1971 2558; x_wconf 83' lang='lat' dir='ltr'>vel</span> <span class='ocrx_word' id='word_1_113' title='bbox 2007 2516 2061 2578; x_wconf 83' lang='lat' dir='ltr'><em>g</em></span> 
     </span>
     <span class='ocr_line' id='line_1_21' title="bbox 436 2593 2061 2683; baseline -0.003 -20"><span class='ocrx_word' id='word_1_114' title='bbox 436 2595 710 2679; x_wconf 89' lang='lat' dir='ltr'>literam,</span> <span class='ocrx_word' id='word_1_115' title='bbox 757 2620 947 2683; x_wconf 88' lang='lat' dir='ltr'>quum</span> <span class='ocrx_word' id='word_1_116' title='bbox 989 2610 1136 2667; x_wconf 88' lang='lat' dir='ltr'>ante</span> <span class='ocrx_word' id='word_1_117' title='bbox 1178 2623 1213 2664; x_wconf 84' lang='lat' dir='ltr'>e</span> <span class='ocrx_word' id='word_1_118' title='bbox 1256 2598 1489 2677; x_wconf 88' lang='lat' dir='ltr'>soleat,</span> <span class='ocrx_word' id='word_1_119' title='bbox 1541 2594 1654 2660; x_wconf 90' lang='lat' dir='ltr'>illa</span> <span class='ocrx_word' id='word_1_120' title='bbox 1696 2593 1949 2680; x_wconf 92' lang='lat' dir='ltr'>quidem</span> <span class='ocrx_word' id='word_1_121' title='bbox 1991 2603 2061 2658; x_wconf 90' lang='lat' dir='ltr'>ut</span> 
     </span>
     <span class='ocr_line' id='line_1_22' title="bbox 440 2695 2060 2785; baseline -0.001 -25"><span class='ocrx_word' id='word_1_122' title='bbox 440 2718 496 2778; x_wconf 79' lang='lat' dir='ltr'>S,</span> <span class='ocrx_word' id='word_1_123' title='bbox 541 2698 668 2763; x_wconf 89' lang='lat' dir='ltr'>ista</span> <span class='ocrx_word' id='word_1_124' title='bbox 703 2722 855 2764; x_wconf 83' lang='lat' dir='ltr'>vero</span> <span class='ocrx_word' id='word_1_125' title='bbox 899 2709 967 2765; x_wconf 88' lang='lat' dir='ltr'>ut</span> <span class='ocrx_word' id='word_1_126' title='bbox 994 2701 1036 2784; x_wconf 79' lang='lat' dir='ltr'><em>j</em></span> <span class='ocrx_word' id='word_1_127' title='bbox 1074 2720 1438 2767; x_wconf 83' lang='lat' dir='ltr'>consonans</span> <span class='ocrx_word' id='word_1_128' title='bbox 1487 2695 1901 2785; x_wconf 84' lang='lat' dir='ltr'>pronuntiari,</span> <span class='ocrx_word' id='word_1_129' title='bbox 1945 2718 2060 2761; x_wconf 89' lang='lat' dir='ltr'>na-</span> 
     </span>
     <span class='ocr_line' id='line_1_23' title="bbox 436 2797 2056 2885; baseline -0.002 -21"><span class='ocrx_word' id='word_1_130' title='bbox 436 2799 570 2864; x_wconf 86' lang='lat' dir='ltr'>tivo</span> <span class='ocrx_word' id='word_1_131' title='bbox 602 2822 717 2865; x_wconf 92' lang='lat' dir='ltr'>suo</span> <span class='ocrx_word' id='word_1_132' title='bbox 750 2823 927 2883; x_wconf 89' lang='lat' dir='ltr'>sono,</span> <span class='ocrx_word' id='word_1_133' title='bbox 972 2801 1081 2867; x_wconf 90' lang='lat' dir='ltr'>ubi</span> <span class='ocrx_word' id='word_1_134' title='bbox 1115 2802 1276 2867; x_wconf 92' lang='lat' dir='ltr'>haec</span> <span class='ocrx_word' id='word_1_135' title='bbox 1306 2799 1736 2885; x_wconf 86' lang='lat' dir='ltr'>diphthongus</span> <span class='ocrx_word' id='word_1_136' title='bbox 1768 2797 2056 2873; x_wconf 88' lang='lat' dir='ltr'>occurrit,</span> 
     </span>
     <span class='ocr_line' id='line_1_24' title="bbox 439 2897 2060 2987; baseline -0.005 -21"><span class='ocrx_word' id='word_1_137' title='bbox 439 2923 585 2967; x_wconf 89' lang='lat' dir='ltr'>esse</span> <span class='ocrx_word' id='word_1_138' title='bbox 613 2900 1072 2987; x_wconf 85' lang='lat' dir='ltr'>proferendam,</span> <span class='ocrx_word' id='word_1_139' title='bbox 1115 2911 1188 2966; x_wconf 92' lang='lat' dir='ltr'>ut</span> <span class='ocrx_word' id='word_1_140' title='bbox 1215 2923 1407 2964; x_wconf 82' lang='lat' dir='ltr'>cueur</span> <span class='ocrx_word' id='word_1_141' title='bbox 1453 2900 1649 2984; x_wconf 87' lang='lat' dir='ltr'>(cor),</span> <span class='ocrx_word' id='word_1_142' title='bbox 1696 2899 1880 2984; x_wconf 88' lang='lat' dir='ltr'>quasi</span> <span class='ocrx_word' id='word_1_143' title='bbox 1909 2897 2060 2960; x_wconf 77' lang='lat' dir='ltr'>keur-</span> 
     </span>
     <span class='ocr_line' id='line_1_25' title="bbox 441 2999 2057 3089; baseline -0.004 -20"><span class='ocrx_word' id='word_1_144' title='bbox 441 3002 707 3084; x_wconf 87' lang='lat' dir='ltr'>scribas,</span> <span class='ocrx_word' id='word_1_145' title='bbox 729 3001 967 3089; x_wconf 79' lang='lat' dir='ltr'>gueule</span> <span class='ocrx_word' id='word_1_146' title='bbox 991 3002 1209 3086; x_wconf 87' lang='lat' dir='ltr'>(gula),</span> <span class='ocrx_word' id='word_1_147' title='bbox 1231 3024 1452 3089; x_wconf 78' lang='lat' dir='ltr'>gueux</span> <span class='ocrx_word' id='word_1_148' title='bbox 1476 2999 2057 3084; x_wconf 89' lang='lat' dir='ltr'>(mendicabulum).</span> 
     </span>
     <span class='ocr_line' id='line_1_26' title="bbox 440 3100 2058 3171; baseline -0.004 -1"><span class='ocrx_word' id='word_1_149' title='bbox 440 3101 550 3171; x_wconf 85' lang='lat' dir='ltr'>Sic</span> <span class='ocrx_word' id='word_1_150' title='bbox 596 3103 785 3168; x_wconf 90' lang='lat' dir='ltr'>etiam</span> <span class='ocrx_word' id='word_1_151' title='bbox 833 3102 1131 3169; x_wconf 90' lang='lat' dir='ltr'>scribitur</span> <span class='ocrx_word' id='word_1_152' title='bbox 1183 3111 1371 3170; x_wconf 83' lang='lat' dir='ltr'>vetus</span> <span class='ocrx_word' id='word_1_153' title='bbox 1418 3103 1739 3171; x_wconf 84' lang='lat' dir='ltr'>Gallicum</span> <span class='ocrx_word' id='word_1_154' title='bbox 1778 3100 2058 3165; x_wconf 85' lang='lat' dir='ltr'>vocabu-</span> 
     </span>
     <span class='ocr_line' id='line_1_27' title="bbox 439 3204 1197 3292; baseline -0.004 -23"><span class='ocrx_word' id='word_1_155' title='bbox 439 3204 570 3271; x_wconf 89' lang='lat' dir='ltr'>lum</span> <span class='ocrx_word' id='word_1_156' title='bbox 613 3227 820 3292; x_wconf 77' lang='lat' dir='ltr'>queux</span> <span class='ocrx_word' id='word_1_157' title='bbox 865 3204 1197 3289; x_wconf 87' lang='lat' dir='ltr'>(coquus).</span> 
     </span>
    </p>
   </div>
   <div class='ocr_carea' id='block_1_8' title="bbox 2585 97 2593 605">
    <p class='ocr_par' dir='ltr' id='par_1_8' title="bbox 2585 97 2593 605">
     <span class='ocr_line' id='line_1_28' title="bbox 2585 97 2593 605; baseline 0 0"><span class='ocrx_word' id='word_1_158' title='bbox 2585 97 2593 605; x_wconf 95' lang='lat' dir='ltr'> </span> 
     </span>
    </p>
   </div>
  </div>
 </body>
</html>
