2634 3992
1243 338 1328 391 Αἰ.
2008 340 2092 404 47

480 494 723 582 syllabo
782 500 846 558 et
900 492 1141 577 aliquot
1190 490 1380 556 huius
1421 492 1604 557 verbi
1644 494 1963 579 personis,
2021 503 2096 559 ut

477 598 691 661 ha‘isse
722 591 1081 679 (odissem),
1104 590 1381 655 haissois
1405 593 1741 678 (oderam),
1773 618 1968 680 quum
1996 605 2094 662 tae

477 723 625 766 men
668 699 737 763 in
773 697 1045 762 themate
1080 693 1364 758 dicamus
1397 693 1523 775 hai,
1564 692 1723 776 bais,
1765 695 1916 778 hait,
1956 720 2094 763 mo-

477 800 844 886 nosyllaba,
901 804 964 861 et
1002 796 1073 859 in
1114 794 1371 861 nomine
1413 795 1659 863 verbali
1699 797 1908 880 haine,
1963 800 2096 866 dis·
2130 840 2134 844 >

482 903 822 989 syllabam,
869 919 1030 985 quae
1073 919 1195 962 usu
1236 895 1583 963 discuntur.
1669 899 1979 982 Alterum,
2024 901 2095 967 in

478 1004 602 1069 hac
645 1000 1036 1088 diphthongo
1065 1022 1521 1086 nonnunquam
1550 1022 1590 1062 a
1619 1000 1876 1085 penitus
1916 1002 2096 1087 quie-

483 1129 679 1185 scere,
739 1112 803 1168 et
856 1103 1063 1168 solum
1117 1104 1142 1165 i
1191 1101 1425 1183 audiri,
1484 1101 1651 1166 sicut
1701 1102 2051 1168 dicemus
2031 1127 2104 1169 ιιι

478 1208 802 1273 literarum
845 1202 1307 1291 quiescentium
1347 1210 1638 1268 tractatu.
1724 1202 1952 1288 Neque
1995 1205 2105 1272 hic

479 1309 635 1376 mihi
690 1305 1213 1373 dissimulandum
1262 1304 1516 1369 videtur
1556 1303 1733 1388 vulgi
1777 1303 2104 1372 Parisien-

483 1411 649 1476 sium
677 1407 917 1487 vitium,
943 1406 1054 1492 qui
1064 1405 1323 1490 faisant
1346 1431 1459 1447 --
1497 1404 1916 1491 participium
1951 1430 2102 1493 pro-

480 1510 777 1576 nuntiant
798 1506 1030 1591 secant
1053 1531 1174 1588 -··,
1203 1506 1529 1594 spondaeo
1562 1505 1632 1569 in
1651 1505 1932 1573 iambum
1969 1531 2107 1572 mu·
2143 1519 2155 1529 '

482 1620 635 1677 tato,
720 1608 1020 1694 Denique
1067 1617 1130 1674 et
1170 1609 1330 1674 illud
1371 1609 1721 1674 notandum
1762 1616 1888 1690 est,
1938 1608 2107 1677 hanc
2163 1675 2171 1681 ,

486 1712 948 1799 diphthongum
1005 1710 1324 1775 interdum
1384 1711 1579 1777 scribi
1633 1709 1916 1797 quidem,
1988 1712 2105 1777 sed

484 1810 1001 1900 pronuntiatione
1051 1834 1197 1878 cum
1238 1812 1633 1899 diphthongo
1678 1813 1740 1875 ei
1778 1811 2103 1878 confundi.

483 1915 648 1980 Nam
693 1914 1029 1981 scribimus
1095 1915 1353 2000 quidem
1405 1912 1546 1977 bain
1610 1913 1970 1998 (balneum)
2040 1921 2105 1980 et

478 2018 638 2105 gain
680 2017 984 2102 (lucrum)
1035 2027 1101 2083 et
1116 2016 1299 2104 plain
1330 2015 1639 2103 (planus),
1685 2038 1846 2101 quae
1888 2023 2108 2081 tamen

486 2119 580 2184 sic
610 2118 930 2185 efferimus
974 2127 1046 2184 ut
1073 2119 1133 2186 si
1163 2118 1472 2204 scriptum
1499 2124 1673 2182 esset
1699 2115 1854 2195 bein,
1883 2118 2104 2203 guein,

470 2220 677 2306 plein,
723 2221 975 2307 integra
1015 2230 1229 2286 tamen
1255 2219 1327 2284 in
1355 2218 1660 2284 derivatis
1687 2217 1981 2283 restituta
2008 2217 2106 2282 di-

483 2321 830 2407 phthongo,
855 2329 925 2386 ut
927 2321 1151 2408 plaiae
1163 2318 1436 2407 (plana),
1448 2318 1709 2404 halgner
1720 2316 2105 2402 (balneare),

483 2445 600 2506 pro
656 2444 779 2507 quo
831 2431 1048 2488 tamen
1101 2422 1329 2488 extrito
1383 2424 1407 2483 i
1454 2419 1638 2486 multi
1690 2418 2106 2506 pronuntiant

483 2519 738 2608 hagner.
839 2520 951 2590 Sic
1015 2523 1210 2589 etiam
1265 2546 1304 2589 a
1352 2544 1513 2589 voce
1558 2523 1720 2609 gain
1773 2519 2108 2607 deduciun·

485 2623 752 2689 verbum
786 2626 1081 2712 gaigner,
1125 2634 1198 2690 ut
1238 2647 1278 2691 a
1319 2623 1613 2691 Picardis
1657 2621 1864 2689 adhuc
1913 2621 2106 2690 hodie

484 2723 827 2810 profertum
903 2725 1127 2810 purius
1211 2724 1422 2792 autem
1464 2726 1832 2811 ’loquentes
1908 2723 1990 2790 ho
2000 2723 2106 2790 die

486 2824 646 2890 eliso
679 2828 703 2887 i
730 2825 1144 2911 pronuntiant
1163 2849 1437 2915 gagner.
1505 2826 1687 2893 Idem
1724 2825 1997 2911 contigit
2033 2825 2106 2890 in

483 2926 585 2992 his
629 2927 897 2992 vocibus
933 2929 1182 3013 guairir
1226 2935 1289 2990 et
1329 2929 1689 3014 guairison,
1750 2948 1909 3013 quas
1964 2925 2105 3010 ple-

481 3029 663 3114 rique
709 3026 937 3093 extrito
983 3030 1008 3090 i
1043 3025 1373 3114 proferunt
1417 3029 1643 3116 guarir
1682 3035 1746 3092 et
1766 3027 2104 3113 guar-ison.

482 3128 646 3194 Mihi
686 3138 900 3196 tamen
941 3127 1055 3196 illa
1095 3129 1407 3194 vetustior
1432 3126 1863 3214 pronuntiatio
1896 3125 2105 3209 magis

482 3231 801 3314 probatur.
