2634 3992
559 372 645 437 84
1162 367 1241 421 De
1279 367 1602 420 accentibus.

567 521 890 590 attollatur
943 519 1076 584 ulla
1119 542 1282 605 quae
1327 543 1459 585 non
1501 518 1724 583 itidem
1767 526 2059 599 acuatur,
2118 540 2196 584 ac

559 622 832 709 proinde
890 621 974 686 sit
1027 620 1250 685 eadem
1307 620 1556 704 syllaba
1607 626 1795 683 acuta
1840 641 2001 703 quae
2042 640 2194 704 pro-

562 724 783 797 ducta,
830 731 895 787 et
940 721 1173 787 eadem
1213 721 1430 806 gravis
1476 743 1640 806 quae
1684 704 2040 812 correpta]
2066 717 2199 786 Sed

559 831 754 889 tonus
796 822 976 888 vocis
1019 821 1477 900 intentionem,
1535 828 1787 905 tempus
1831 819 2197 905 productio-

561 946 711 988 nem
761 922 1005 988 vocalis
1061 921 1323 986 indicat.
1410 919 1595 984 Nihil
1650 927 1864 986 autem
1906 921 2198 987 accidere

560 1031 783 1109 potest
812 1022 1070 1098 auribus
1102 1021 1310 1107 magis
1355 1021 1679 1106 ingratum
1721 1043 1909 1106 quam
1954 1023 2012 1088 si
2054 1023 2198 1088 bre-

558 1145 708 1188 vem
765 1123 1118 1208 producas,
1186 1122 1445 1207 longam
1483 1122 1851 1208 *corripiaffi
1927 1122 2097 1206 quod
2147 1121 2198 1185 ii

566 1223 979 1309 experiuntur
1022 1223 1133 1309 qui
1161 1223 1539 1308 peregrinos
1570 1230 1679 1286 aut
1708 1220 1962 1287 Galliae
1990 1244 2197 1308 popu-

563 1326 663 1390 los
704 1325 1020 1390 Francice
1063 1324 1273 1390 minus
1316 1346 1476 1409 pure
1518 1322 1855 1409 loquentes
1908 1322 2192 1404 audiunt,

560 1426 766 1492 veluti
823 1449 1020 1512 quum
1063 1424 1473 1490 Turonenses
1520 1432 1629 1490 aut
1671 1423 1971 1489 Pictones
2017 1422 2199 1488 audi-

567 1550 713 1594 mus
744 1527 1234 1612 pronuntiantes
1281 1535 1615 1590 mestresse
1660 1553 1801 1576 ν-υ
1846 1548 1963 1611 pro
2008 1526 2199 1586 mais-

575 1637 777 1692 {resse
837 1652 1001 1708 -υυ,
1037 1634 1146 1690 aut
1174 1649 1380 1691 messe
1406 1653 1505 1677 -υ
1552 1650 1668 1713 pro
1699 1648 1903 1690 messe
1933 1649 2048 1707 νυ,
2094 1624 2203 1690 vel

569 1728 909 1795 Sabandos
949 1750 1066 1812 pro
1078 1728 1285 1811 saicle
1322 1757 1413 1778 νυ
1458 1727 1854 1813 proferentes
1867 1727 2048 1811 feste
2074 1753 2198 1807 -υ,

564 1851 682 1915 pro
707 1828 1019 1914 prophete
1065 1856 1201 1876 νυν
1227 1828 1576 1913 propheste
1629 1859 1793 1910 ν-ν,
1818 1851 1937 1914 pro
1961 1828 2199 1890 miseri-

563 1926 751 1991 corde
816 1928 1097 2014 quinque
1164 1928 1555 2012 syllabarum
1616 1938 1852 2013 natura.
1906 1928 2199 1995 brevium

565 2028 966 2093 misericorde
993 2029 1345 2114 penultima
1388 2031 1611 2115 longa,
1656 2030 1763 2095 vel
1804 2029 2005 2094 Italos
2047 2013 2234 2118 pro-⁹
2252 2026 2269 2036 “

561 2124 841 2195 ferentes
856 2130 1092 2217 parole
1122 2154 1265 2179 ν-υ
1289 2152 1407 2215 pro
1438 2129 1672 2214 parole
1706 2154 1863 2209 νυν,
1892 2127 2198 2214 quoniam

564 2251 749 2294 suum
775 2229 1009 2316 parole
1042 2230 1138 2296 sic
1180 2230 1614 2317 pronuntiant.
1681 2230 1805 2296 Illa
1844 2250 1998 2294 vero
2042 2250 2196 2312 pro-

565 2329 778 2395 ductio
835 2331 904 2394 in
954 2330 1010 2395 F
1012 2331 1271 2396 rancica
1320 2330 1542 2414 lingua
1603 2330 1799 2395 etiam
1849 2329 1918 2394 in
1974 2351 2196 2395 mono-

565 2430 832 2514 syllabis
869 2431 1458 2511 animadvertitur,
1532 2452 1696 2515 quae
1769 2438 1867 2496 est
1930 2430 2192 2516 propria

562 2531 664 2596 vis
719 2539 1023 2596 accentus
1077 2532 1469 2598 circunflexi.
1563 2529 1675 2598 Sic
1716 2531 2029 2616 producte
2075 2531 2197 2597 cir-

564 2631 1055 2698 cunflectuntur:
1103 2636 1159 2699 ie
1212 2655 1348 2713 ven,
1396 2641 1462 2696 ιἰι
1507 2654 1685 2714 veux,
1734 2631 1783 2694 il
1821 2642 1968 2696 veut
1995 2632 2195 2716 (volo,

561 2729 691 2807 νίς,
740 2732 923 2816 vult),
974 2734 1144 2818 quod
1191 2733 1704 2819 deprehenditur,
1769 2733 1825 2799 si
1880 2732 2206 2819 prioribus

559 2829 690 2895 illis
760 2854 1049 2918 opponas
1108 2840 1222 2898 υεᾶ
1288 2834 1571 2920 (votum)
1627 2843 1691 2899 et
1748 2857 1908 2898 veux
1966 2833 2197 2919 (vota),

563 2955 727 3020 quae
793 2934 1237 3021 corripiuntur.
1344 2935 1456 3002 Sic
1523 2934 1860 3020 corripitur
1926 2932 2082 3016 heaf
2137 2941 2202 2997 et

563 3033 726 3117 neus
747 3034 1058 3121 singulari
1086 3059 1385 3117 numer0‚
1435 3059 1699 3121 quorum
1726 3036 1887 3100 recti
1918 3034 2199 3120 plurales

563 3133 742 3218 bezssfi‘
801 3144 866 3200 et
914 3137 1120 3221 muse,
1181 3138 1553 3224 quiescente
1577 3138 1638 3220 f
1670 3138 1888 3218 litera,
1948 3134 2198 3199 circun-

563 3235 936 3319 flectuntur‚
981 3247 1052 3303 ut
1082 3239 1227 3302 eaba:
1272 3247 1337 3303 et
1378 3238 1573 3302 cez‘c'lx.
1658 3238 1826 3303 Item
1850 3236 1942 3322 fit
1981 3233 2195 3318 (fecit)

563 3341 629 3397 et
675 3336 799 3416 ful
850 3337 1025 3420 (fuit)
1083 3347 1147 3403 et
1213 3347 1322 3402 eut
1397 3337 1677 3423 (habuit)
1743 3335 2195 3421 corripiuntur,
