2634 3992
1045 376 1373 430 Aa.Ee.
1939 377 2022 443 13

395 554 514 598 nes
558 531 864 618 quasdam
908 536 1300 615 expungant,
1354 538 1424 594 ut
1473 551 1666 616 quum
1713 527 2015 594 dev-uelem

398 634 616 700 dicunt
653 632 859 698 tribus
904 630 1171 717 syllabis
1213 653 1329 716 pro
1360 630 1706 697 Jerusalem
1747 638 2016 715 quatuor

398 734 803 820 syllabarum.

1118 882 1191 959 E
1235 912 1291 962 e.

523 1039 750 1106 Altera
791 1040 951 1105 haec
992 1038 1238 1105 vocalis
1277 1038 1609 1124 proprium
1652 1046 1716 1104 et
1756 1039 2015 1106 unicum

396 1163 617 1207 verum
685 1140 925 1207 habere
995 1162 1224 1206 sonum
1288 1139 1508 1206 debuit
1571 1160 1758 1225 quem
1823 1139 2019 1206 efficit

395 1242 650 1329 linguae
672 1264 889 1307 mucro
917 1240 1212 1307 dentibus
1240 1240 1643 1305 mediocriter
1668 1239 2014 1323 hiantibus,

394 1366 619 1411 vocem
661 1342 1057 1410 articulatam
1095 1341 1330 1427 plectri
1364 1341 1508 1406 vice
1545 1340 1902 1423 moderans,
1947 1351 2018 1406 ut

393 1445 464 1511 in
491 1446 593 1512 his
623 1444 897 1511 vocibus
923 1442 1177 1508 Latinis
1203 1442 1502 1526 legere,
1533 1441 1837 1522 vivere,
1881 1442 2016 1508 do-

396 1569 483 1613 ce
498 1571 531 1614 r
544 1570 581 1614 e
608 1545 868 1633 proprie
898 1549 1101 1609 sonat.
1132 1541 1367 1608 Franci
1396 1542 1785 1627 grammatici
1808 1545 2016 1609 erudi·

394 1646 592 1712 tiores
616 1667 647 1710 e
670 1646 961 1711 clausum
982 1651 1237 1725 vocant,
1269 1642 1380 1708 alii
1409 1665 1440 1707 e
1466 1644 1867 1730 productum,
1900 1645 2017 1711 sed

395 1767 752 1831 perperam.
811 1744 875 1809 N
876 1766 985 1808 am
1020 1743 1350 1809 interdum.
1383 1763 1635 1831 quoque
1678 1746 2016 1834 corripitur

396 1855 468 1911 ut
493 1845 565 1912 in
589 1845 942 1933 penultima
987 1844 1286 1911 dictionis
1330 1845 1519 1909 altere
1561 1846 2010 1934 (siticulosus),

399 1970 560 2034 quae
617 1947 811 2014 dictio
869 1954 969 2012 est
1011 1946 1353 2034 dactylica,
1401 1956 1467 2013 et
1500 1947 1571 2013 in
1613 1949 1756 2015 aliis
1795 1972 2012 2036 quam-

393 2049 702 2135 plurimis»
775 2049 964 2116 Alter
987 2057 1202 2115 tamen
1231 2050 1374 2114 eius
1401 2071 1599 2116 sonus
1641 2060 1740 2117 est
1778 2052 1836 2118 is
1867 2076 2013 2139 pro-

390 2152 535 2236 prie
584 2152 697 2238 qui.
743 2160 844 2218 est
894 2150 1274 2238 diphthongi
1329 2174 1399 2214 ae
1442 2173 1600 2217 sono
1658 2176 1740 2218 ex
1792 2178 1830 2217 α
1876 2164 1942 2220 et
1982 2178 2014 2220 e

390 2261 768 2338 temperato,
817 2253 1130 2338 quomodo
1174 2274 1331 2318 usus
1370 2253 1643 2319 obtinuit
1684 2262 1754 2318 ut
1781 2255 2011 2321 Latine

392 2375 642 2439 quoque
709 2352 1179 2438 pronuntietur,
1254 2354 1476 2420 nescio
1548 2364 1761 2420 tamen
1825 2379 2012 2442 quam

391 2463 584 2535 recte,
629 2454 882 2539 quoties
935 2454 1096 2520 haec
1144 2455 1390 2520 vocalis
1436 2477 1577 2522 cum
1620 2457 1645 2520 l
1684 2457 1790 2522 vel
1830 2480 1866 2521 r
1907 2458 2013 2523 vel

394 2573 429 2614 s
482 2553 590 2617 vel
642 2565 668 2616 t
709 2555 1037 2639 cohaeret,
1094 2564 1167 2620 ut
1206 2555 1278 2621 in
1327 2556 1536 2642 prima
1588 2558 1834 2644 syllaba
1878 2559 2011 2626 dic-

392 2651 637 2718 tionum
679 2676 1008 2740 TELLU8‚
1053 2679 1228 2741 FEL,
1274 2680 1461 2741 MEL,
1509 2680 1787 2742 TERRA,
1836 2680 2005 2746 TER,

394 2774 736 2838 omn-En,
795 2778 1062 2842 Tuane,
1122 2767 1243 2826 etc.
1297 2760 1576 2848 itemque
1630 2772 1776 2829 ante
1832 2776 1891 2829 ct
1942 2776 2011 2832 ut

393 2875 741 2939 Tecrum,
790 2865 854 2922 et
887 2881 1019 2944 qm
1062 2867 1133 2924 ut
1161 2881 1501 2944 TEGMEN,
1550 2885 1735 2950 quem
1779 2888 2010 2931 sonum

388 2956 623 3022 Franci
654 2979 686 3020 e
715 2968 1002 3044 apertum
1030 2969 1282 3044 vocant,
1331 2973 1398 3029 et
1437 2965 1664 3030 eodem
1707 2989 1865 3033 sono
1912 2976 2007 3032 at-

391 3080 516 3143 que
549 3058 1014 3145 diphthongum
1037 3064 1106 3123 ai
1134 3062 1521 3148 exprimunt,
1549 3073 1618 3129 ut
1639 3078 1808 3148 estre,
1816 3068 2005 3150 feste,

389 3170 575 3242 terre,
617 3161 748 3244 elle,
797 3161 1065 3250 perinde
1107 3184 1187 3229 ac
1233 3163 1293 3229 si
1335 3163 1640 3249 scriptum
1669 3166 1769 3248 sit,
1803 3169 2010 3249 amre,

373 3258 599 3343 faiste„
627 3265 823 3329 tairre
839 3312 859 3347 ,
919 3264 1094 3348 aille,
1159 3272 1235 3330 ut
1281 3263 1580 3331 scribitur.
1620 3275 1684 3334 et
1725 3291 2006 3355 pronun-

387 3357 577 3427 tiatur
616 3366 895 3449 maistre,
915 3366 1139 3452 faiete,
1187 3369 1331 3433 aiae.
