2634 3992
544 309 623 374 78
1033 305 1110 361 De
1147 307 1316 361 literis
1352 307 1758 378 quiescentibus,

538 469 688 546 post
737 458 1208 547 diphthongum
1257 483 1344 523 au
1400 468 1708 547 sequente
1752 470 1793 542 t,
1851 470 1922 525 ut
1963 446 2170 528 arfllre

541 562 786 644 (alius),
820 563 1176 648 espeaullre
1207 562 1487 647 (spelta),
1514 563 1582 627 in
1614 562 1847 647 quibus
1869 561 2166 628 dictioni-

537 665 660 730 bus
714 664 1131 745 interseritur,
1173 686 1258 728 ne
1311 685 1354 724 n
1395 685 1513 750 pro
1566 685 1608 725 u
1650 662 1917 749 legatur.
2002 663 2166 730 Item

540 765 817 851 quiescit
868 765 937 830 in
986 764 1263 830 dictione
1307 761 1499 826 sould
1545 785 1661 849 pro
1718 764 1979 830 solido
2027 766 2167 832 sive

539 888 751 948 asse,
826 866 997 951 quod
1065 863 1511 952 pronuntiatur
1564 886 1604 927 a
1644 863 1961 949 Picardis‚
2030 867 2166 933 acsi

536 969 921 1033 scriberetur
1002 975 1174 1046 sout3
1261 964 1417 1030 item
1494 965 1562 1028 in
1633 965 1915 1033 dictione
1978 969 2168 1037 sacal

536 1068 797 1154 (satur),
849 1090 1038 1153 quam
1098 1067 1589 1153 pronuntiamus
1654 1089 1798 1131 sou.
1883 1068 2165 1134 Additur

438 1240 449 1249 ,
534 1177 744 1236 autem
787 1169 828 1252 l,
888 1168 1181 1254 quamvis
1224 1189 1358 1232 non
1397 1168 1870 1254 pronuntietur,
1902 1178 2165 1257 propter

536 1270 855 1353 derivata,
913 1278 987 1334 ut
1037 1269 1311 1334 saculer.
1407 1268 1573 1334 Item
1624 1269 1694 1333 in
1745 1269 1849 1337 his
1912 1270 2162 1340 duabus

534 1370 923 1438 dictionibus
946 1370 1060 1456 sol
1086 1380 1152 1436 et
1179 1369 1296 1453 col,
1343 1391 1504 1455 quas
1533 1371 2017 1457 pronuntiamus
2045 1395 2164 1459 per

535 1496 620 1537 ou
685 1472 1148 1561 diphthongum
1192 1470 1329 1552 fou
1386 1481 1452 1538 et
1502 1496 1639 1543 σου.
1740 1472 1871 1540 Sed
1929 1473 2162 1542 finiens

533 1573 880 1641 dictionem
911 1573 1074 1639 haec
1102 1572 1319 1654 litera,
1350 1594 1768 1661 quaecunque
1799 1596 2163 1644 consonans

532 1684 903 1762 sequentem
923 1695 1152 1741 vocem
1176 1672 1456 1756 inchoet,
1485 1697 1715 1741 sonum
1728 1697 1911 1741 suum
1928 1686 2162 1744 servat.

1201 1807 1320 1883 De
1356 1809 1471 1884 M.

657 1944 734 2004 M
781 1964 1110 2029 nunquam
1166 1940 1475 2028 quiescit,
1535 1942 1669 2026 sed,
1729 1952 1802 2008 ut
1843 1965 1961 2010 suo
2015 1944 2161 2012 loco

527 2043 800 2111 diximus
817 2094 835 2128 ‚
879 2042 1114 2109 finiens
1147 2042 1457 2128 syllabam
1497 2044 1605 2110 vel
1644 2043 1990 2110 dictionem
2026 2067 2161 2113 non

526 2144 713 2213 aliter
774 2145 1228 2233 pronuntiatur
1293 2167 1486 2231 quam
1548 2168 1613 2228 n,
1692 2144 1805 2211 illo
1884 2144 1963 2210 de
2030 2166 2156 2231 quo

526 2245 801 2314 diximus
847 2270 1010 2314 sono
1053 2245 1448 2333 imperfecto,

1181 2380 1297 2457 De
1349 2379 1452 2455 N.

649 2515 713 2580 N
763 2515 1038 2603 quiescit
1086 2516 1157 2581 in
1214 2513 1420 2580 tertiis
1475 2511 1775 2600 personis
1817 2513 2157 2581 verborum

523 2615 968 2683 desinentibus
1025 2617 1096 2682 in
1149 2637 1185 2680 e
1245 2614 1660 2682 foemininum
1727 2635 1871 2681 cum
1931 2624 2021 2701 nt,
2082 2625 2156 2682 ut

521 2719 770 2800 eximent,
817 2720 1136 2800 aime-rent,
1184 2717 1568 2800 aimerozbnt,
1614 2717 1979 2784 aimassent.

1202 2850 1319 2927 De
1355 2851 1444 2928 P.

644 2985 729 3064 P,
784 2986 1063 3074 quiescit
1124 2988 1195 3054 in
1263 2988 1371 3056 his
1443 2986 1692 3055 duabus
1762 2986 2147 3054 dictionibus

519 3100 718 3177 temps
779 3097 844 3155 et
896 3098 1143 3178 compte
1186 3089 1637 3179 (computum),
1694 3096 1766 3154 ut
1818 3087 2067 3153 differat
2108 3109 2150 3151 a

516 3198 696 3254 conte
765 3189 1065 3275 (comes),
1133 3190 1286 3257 item
1361 3190 1433 3256 in
1504 3199 1650 3277 sept
1709 3186 2016 3276 (septem)
2083 3195 2149 3253 et

514 3290 666 3378 loup
729 3291 984 3379 (lupus)
1060 3300 1125 3357 et
1184 3291 1323 3359 eius
1384 3291 1620 3379 plurali
1679 3290 1869 3378 loups
1928 3287 2155 3373 (lupi),
