2634 3992
961 407 1196 477 Regulae
1232 408 1521 477 generales·
2004 411 2044 474 9

428 560 632 628 literis
677 558 945 641 exculti,
989 557 1221 645 partim
1264 557 1472 627 adhuc
1503 558 1776 627 Senatus
1803 560 2046 626 Parisi-

431 663 606 729 ensis
651 660 959 728 subsellia
1001 667 1257 741 sonant,
1322 661 1614 746 quamvis
1666 684 1742 727 eo
1793 684 2044 749 quoque

429 763 735 850 paulatim
787 771 1000 849 serpat
1040 761 1154 829 illa
1194 761 1467 828 vitiosae
1509 763 2045 848 pronuntiationis

431 863 756 949 contagio:
802 886 1006 950 usque
1049 863 1208 930 adeo
1248 863 1412 929 nihil
1456 873 1555 930 est
1594 864 1664 930 in
1705 864 1895 930 rebus
1928 863 2045 931 hu·-

431 963 638 1030 manis
702 965 870 1051 quod
922 988 1054 1031 non
1108 964 1193 1030 sit
1243 964 1576 1030 mutationi
1651 987 1728 1032 ac
1785 964 2042 1033 tandem

429 1064 731 1149 interitui,
771 1065 1158 1133 necessitate
1203 1065 1476 1151 quadam
1507 1066 1883 1149 inevitabili,
1930 1068 2045 1134 ob-

432 1166 709 1232 noxium.
804 1166 917 1234 Me
965 1189 1149 1248 vero,
1215 1167 1530 1252 quomodo
1585 1191 1742 1256 pure
1798 1177 1861 1235 et
1916 1169 2048 1235 ele-

426 1276 652 1353 ganter
702 1268 1038 1354 loquentes
1081 1269 1357 1335 maiores
1402 1269 1481 1334 ab
1522 1268 1782 1335 ineunte
1824 1270 2047 1335 iuven-

427 1376 562 1434 tute
609 1369 827 1434 audivi
872 1379 937 1436 et
978 1378 1219 1435 attente
1260 1370 1628 1451 observavi,
1682 1369 1804 1436 hac
1858 1370 2048 1436 etiam

426 1468 497 1534 in
536 1492 607 1535 re
651 1469 886 1535 iuverit
932 1492 1136 1534 meam
1189 1468 1259 1532 in
1300 1467 1585 1535 Francos
1627 1491 1802 1534 meos
1842 1469 2047 1554 pieta·-

427 1578 560 1635 tem
602 1569 805 1634 fuisse
832 1590 950 1654 pro
976 1570 1222 1635 viribus
1263 1577 1581 1635 testatum.
1652 1568 1812 1634 Rem
1853 1569 2048 1655 igitur

426 1669 638 1754 ipsam
685 1668 1144 1754 aggrediamur.

433 1954 755 2055 Regulae
815 1959 1171 2056 quaedam
1226 1958 1601 2058 generales
1650 1957 2042 2034 Francicae

695 2075 1086 2150 discendae
1137 2075 1771 2175 pronuntiationis.

554 2275 838 2341 Primum
881 2275 1075 2363 igitur
1119 2278 1375 2362 cognito
1420 2299 1572 2342 vero
1624 2276 2042 2361 pronuntian-

428 2377 645 2442 darum
685 2377 1010 2444 literarum
1053 2400 1230 2459 sono,
1270 2378 1555 2464 reliquae
1587 2377 1808 2441 literae
1839 2375 2041 2460 scrip-

423 2485 527 2542 tae
583 2478 837 2562 quidem
902 2502 978 2545 ac
1044 2479 1302 2544 minime
1364 2477 1807 2564 proferendae,
1880 2497 2041 2561 quas

428 2577 829 2660 quiescentes
872 2601 1065 2663 voco,
1118 2589 1413 2646 accurate
1458 2588 1605 2646 sunt
1647 2599 2040 2663 cognoscen-

428 2676 565 2757 dae,
614 2686 677 2741 et
718 2700 757 2742 a
797 2681 1283 2764 pronuntiandis
1329 2681 1818 2766 dignoscendae.
1904 2678 2038 2745 De·-

426 2776 576 2839 inde
631 2800 761 2841 non
810 2781 995 2847 modo
1040 2804 1229 2848 verus
1284 2783 1675 2867 singularum
1717 2782 2037 2847 literarum

425 2877 738 2943 tenendus
785 2889 883 2944 est
925 2903 1138 2963 sonus,
1186 2883 1302 2948 sed
1347 2883 1538 2947 etiam
1579 2883 1922 2947 curandum
1953 2904 2038 2947 ne

429 2999 555 3063 qua
597 2978 818 3063 putide
864 2988 928 3046 et
970 2981 1204 3047 duriter
1244 2991 1449 3063 sonet,
1491 2983 1681 3048 immo
1713 2992 1785 3047 ut
1815 3004 2035 3048 omnes

424 3080 698 3146 molliter
741 3090 806 3145 et
849 3081 1033 3168 quasi
1069 3082 1467 3168 negligenter
1497 3083 1859 3164 efferantur,
1906 3105 2038 3147 om-

422 3203 567 3246 nem
611 3182 1146 3268 pronuntiationis
1191 3182 1599 3268 asperitatem
1640 3207 1843 3270 usque
1876 3183 2035 3249 adeo

423 3282 772 3368 refugiente
801 3283 1115 3349 Francica
1154 3284 1390 3370 lingua,
1438 3295 1506 3350 ut
1536 3286 1820 3371 exceptis
1852 3308 1937 3365 cc,
1965 3292 2037 3349 ut

427 3405 605 3447 acc-es
631 3384 1016 3470 (accessus),
1053 3408 1192 3462 mm,
1217 3395 1288 3450 ut
1309 3407 1546 3450 somme
1573 3385 1896 3471 (summa),
1930 3410 2033 3464 nn,
