2634 3992
629 343 707 406 14
1231 339 1307 393 De
1350 339 1635 394 vocalibus.

753 492 1011 558 Tertius
1049 491 1242 558 huius
1297 493 1542 559 vocalis
1601 515 1798 560 sonus
1852 492 2122 559 Graecis
2177 502 2242 559 et

621 594 872 661 Latinis
911 593 1188 680 ignotuS,
1231 593 1291 659 is
1333 594 1478 680 ipse
1523 600 1622 659 est
1662 594 1773 678 qui
1815 595 1894 659 ab
1922 593 2241 660 Hebraeis

620 695 917 761 tribuitur
965 703 1204 780 puncto
1262 694 1433 779 quod
1475 693 1649 761 Seva
1686 704 1937 782 raptum
1978 703 2240 780 vocant,

625 794 802 862 Galli
839 818 995 861 vero
1059 817 1090 859 e
1130 794 1517 861 foemineum
1558 805 1818 882 propter
1857 797 2241 863 imbecillam

626 905 691 963 et
730 898 842 962 vix
887 918 1183 961 sonoram
1225 916 1450 961 vocem
1479 897 1818 982 appellant,
1865 921 2029 984 quae
2055 899 2243 965 litera

621 1006 962 1084 propterea
1002 1018 1212 1082 neque
1256 995 1327 1060 in
1354 999 1768 1082 pentametris
1812 1007 2034 1084 quarto
2078 1000 2239 1082 locO,

512 1144 523 1153 -
621 1121 831 1184 neque
877 1105 1057 1163 sexto
1101 1097 1243 1162 loco
1286 1098 1357 1162 in
1385 1098 1767 1164 hexametris
1796 1100 2092 1166 versibus
2131 1101 2243 1165 ad-

621 1199 904 1280 mittitur,
956 1207 1021 1263 et
1046 1219 1274 1263 versus
1305 1221 1525 1265 omnes
1566 1200 1638 1264 in
1674 1200 1849 1265 illam
1876 1201 2242 1268 desinentes

621 1298 1009 1388 hypermetri
1050 1297 1383 1365 habentur.
1456 1298 1681 1387 Itaque
1712 1302 2052 1368 dictionem
2079 1325 2243 1367 nun-

624 1427 815 1490 quam
838 1390 964 1467 ⁴hic
1006 1422 1205 1466 sonus
1246 1400 1550 1467 inchoare
1591 1410 1822 1489 potest,
1871 1413 2092 1490 utpote
2132 1405 2244 1489 qui

625 1526 874 1589 semper
924 1503 1031 1569 vel
1085 1525 1124 1567 a
1175 1513 1567 1570 consonante
1621 1505 2044 1590 praecedente
2084 1528 2244 1591 pen·-

625 1607 773 1672 deat
788 1656 805 1688 ,
871 1604 979 1672 vel
1045 1604 1102 1669 si
1164 1605 1328 1669 nulli
1401 1607 1781 1672 consonanti
1852 1607 2242 1690 subiiciatur,

621 1704 1069 1793 praecedentis
1142 1704 1392 1772 vocalis
1475 1706 1561 1772 sit
1634 1707 1835 1773 veluti
1908 1710 2243 1795 productio

624 1808 960 1895 quaedam:
986 1815 1059 1872 ut
1081 1808 1243 1870 amic
1256 1806 1544 1891 (amica),
1570 1810 1768 1873 aimee
1789 1809 2078 1894 (amata),
2102 1812 2255 1875 ioue

626 1909 873 1997 (gena).
960 1908 1276 1976 Dicemus
1333 1916 1542 1974 autem
1580 1909 1651 1975 in
1692 1909 1878 1976 litera
1929 1933 1971 1972 n
2029 1919 2094 1977 et
2148 1911 2247 1975 di·-

620 2012 1092 2098 phthongorum
1150 2018 1425 2076 tractatu
1478 2009 1560 2075 de
1609 2009 1920 2094 peculiari
1971 2010 2246 2096 quodam

621 2111 814 2179 huius
865 2113 1110 2178 vocalis
1167 2135 1291 2179 usu
1344 2112 1415 2177 in
1455 2109 1663 2177 tertiis
1703 2109 2058 2196 pluralibus
2100 2133 2245 2177 ver-

624 2213 849 2280 borum
886 2214 1204 2300 personis.
1294 2213 1459 2281 Sunt
1507 2233 1661 2277 vero
1711 2218 1842 2277 tres
1891 2210 2005 2277 isti
2055 2211 2246 2278 huius

623 2314 848 2381 literae
901 2316 1044 2381 soni
1099 2323 1394 2382 accurate
1449 2311 1896 2397 dignoscendi,
1959 2335 2042 2378 ne
2105 2335 2249 2379 cum

624 2417 973 2503 Aquitanis
1027 2416 1133 2483 vel
1189 2416 1401 2481 activa
1454 2413 1654 2481 verba
1691 2412 1926 2478 infiniti
1964 2415 2140 2481 modi
2178 2422 2248 2480 ut

627 2520 818 2583 aimer
850 2518 1144 2603 (amare),
1197 2517 1411 2580 disner·
1439 2515 1834 2601 (prandere),
1866 2516 2084 2602 parler
2126 2515 2247 2600 (lo-

628 2619 787 2704 qui),
860 2619 968 2685 vel
1019 2617 1288 2705 pluralis
1339 2617 1587 2683 numeri
1651 2640 1769 2684 seu
1830 2617 2116 2699 nomina,
2181 2624 2252 2680 ut

629 2720 836 2786 bontes
867 2719 1269 2803 (bonitates),
1319 2740 1436 2785 seu
1463 2718 1806 2805 participia
1844 2718 2137 2804 passiva,
2178 2724 2251 2781 ut

628 2820 834 2885 las-ves
879 2820 1186 2905 (lassati),
1248 2842 1412 2906 quae
1456 2822 1671 2887 omnia
1708 2841 1828 2904 per
1868 2842 1904 2882 e
1946 2819 2248 2895 clausum,

626 2944 759 2987 non
822 2931 1030 2989 autem
1095 2930 1387 3009 apertum
1451 2923 1774 2990 efferenda
1838 2928 2015 3000 sunt,
2079 2913 2247 2979 unde

626 3023 736 3089 isti
782 3024 924 3090 duri
968 3032 1032 3090 et
1071 3023 1407 3091 Francicis
1448 3025 1738 3112 purgatis
1782 3019 2043 3085 auribus
2082 3014 2251 3079 into-

627 3125 927 3193 lerabiles
984 3126 1219 3213 rythmi
1274 3149 1314 3192 a
1369 3124 1757 3192 doctissimis
1812 3118 2002 3185 etiam
2041 3114 2251 3201 poetis

628 3228 974 3315 Aquitanis
1004 3227 1313 3313 usurpati,
1361 3227 1595 3312 quibus
1622 3227 1789 3289 inter
1816 3240 1888 3284 se
1917 3215 2249 3283 conferunt

633 3327 912 3415 dispater
967 3338 1032 3394 et
1073 3328 1352 3414 Jupiter,
1406 3326 1576 3391 biver
1618 3332 1683 3390 et
1724 3321 1997 3399 arriver,
2030 3317 2248 3407 parler·
