2634 3992
998 334 1049 389 Η
1088 337 1212 392 ants
1248 351 1298 388 u.
1372 335 1432 402 L,
1468 336 1505 392 l.
1993 340 2073 405 31

453 487 725 571 Hae-her,
758 511 920 556 voce
949 510 1306 571 accersere,
1341 488 1535 554 dictio
1558 487 1851 557 Picardis
1881 513 2079 578 prae-

540 590 759 657 sertim
801 589 1166 672 familiaris,
1215 612 1362 656 cum
1405 590 1729 659 derivatis.

452 691 711 767 Ηυῖοίε,
758 691 950 757 ulula.

453 790 716 874 Humer,
762 793 1050 876 sorbere,
1095 814 1242 860 cum
1287 793 1611 861 derivatis.

451 891 669 979 Rupe,
711 915 942 981 upupa.

455 991 698 1072 Hurler,
747 995 1006 1060 ululare.

1179 1147 1348 1223 LI.

577 1298 629 1359 1:
658 1300 947 1365 nativum
977 1320 1164 1364 suum
1195 1319 1421 1363 sonum
1449 1299 1789 1385 singularis
1818 1302 2072 1386 retinet,

446 1410 583 1467 tum
626 1400 972 1467 dictionem
998 1398 1343 1480 inchoans,
1388 1407 1459 1465 ut
1500 1398 1583 1475 la,
1629 1399 1707 1480 le,
1752 1400 1815 1478 li,
1860 1402 1942 1481 Io,
1989 1403 2073 1480 lu,

447 1512 582 1568 tum
623 1501 886 1580 finiens,
939 1508 1012 1562 ut
1053 1498 1139 1574 al,
1197 1496 1270 1574 el,
1330 1497 1387 1572 il,
1443 1499 1522 1577 ol,
1578 1498 1661 1567 ul.
1750 1499 1866 1569 Sin
1920 1524 2075 1570 vero

451 1603 807 1689 geminetur
826 1600 1021 1686 idque
1037 1608 1188 1685 post
1210 1622 1270 1675 a,
1296 1600 1447 1665 evel
1470 1622 1506 1663 ο
1524 1600 1727 1685 (quod
1746 1602 1888 1668 fieri
1909 1603 2079 1671 solet

453 1701 915 1770 consuetudine
936 1701 1154 1787 potius
1175 1722 1366 1787 quam
1386 1701 1755 1769 necessaria
1771 1703 2072 1790 ratione),

453 1813 585 1870 tum
617 1802 1027 1870 nihilominus
1055 1803 1500 1888 pronuntiatur
1541 1811 1613 1869 ut
1657 1803 1957 1892 simplex,
2001 1815 2076 1872 ut

451 1905 625 1983 aller,
668 1903 839 1982 belle,
888 1901 1048 1979 telle,
1094 1903 1383 1990 querelle,
1414 1903 1603 1989 fone,
1647 1905 1859 1974 molle.
1903 1907 2075 1975 Post

449 2010 477 2071 i
513 2029 661 2074 vero
689 2006 981 2073 vocalem
1012 2005 1144 2072 edit
1169 2006 1433 2073 mollem
1475 2007 1798 2093 quendam
1843 2031 2074 2076 sonum

443 2107 818 2191 Hebraeae,
863 2105 1155 2174 Graecae
1198 2115 1263 2173 et
1287 2107 1559 2174 Latinae
1588 2107 1849 2193 linguae
1890 2131 2073 2195 pror-

446 2233 557 2278 sus
588 2211 909 2277 insuetum
926 2260 943 2293 ,
974 2209 1262 2297 proxime
1292 2208 1702 2275 accedentem
1732 2209 1815 2275 ad
1845 2231 2074 2276 sonum

447 2312 734 2398 syllabae
765 2310 812 2373 li
852 2333 992 2378 cum
1036 2310 1328 2398 proxima
1368 2308 1578 2376 vocali
1624 2309 2070 2393 coalescentis,

445 2434 635 2497 quem
676 2412 824 2477 Itali
887 2412 1142 2499 quidem
1182 2434 1300 2499 per
1337 2410 1417 2499 gl
1459 2409 1770 2492 scribunt,
1821 2418 1960 2476 tum
2001 2409 2073 2478 in

443 2511 660 2593 initio,
711 2521 784 2578 ut
835 2513 904 2579 in
950 2512 1049 2601 gli
1099 2513 1396 2596 articu10,
1451 2519 1585 2578 tum
1636 2511 1807 2577 intra
1860 2510 2071 2598 ipsam

448 2612 788 2679 dictionem
805 2663 821 2695 ,
892 2623 961 2679 ut
1006 2615 1333 2704 figlinIO,
1388 2612 1672 2703 Hispani
1735 2634 1889 2679 vero
1952 2635 2073 2699 per

448 2714 689 2800 duplex
715 2714 763 2777 ll
799 2714 982 2781 initio
1029 2738 1281 2802 quoque
1321 2716 1782 2784 vocabulorum
1823 2722 2070 2799 notant,

444 2825 518 2882 ut
554 2814 827 2880 llamado
861 2816 1045 2901 quasi
1072 2816 1346 2895 liamado
1388 2817 1723 2905 trisyllaba
1764 2816 2070 2884 dictione.

443 2916 717 2984 Francis
774 2926 985 2983 autem
1038 2916 1146 2983 hic
1200 2939 1397 2984 sonus
1440 2919 1676 2984 nullam
1722 2917 2073 2985 dictionem

443 3019 723 3102 inchoat,
738 3025 1182 3106 praeterquam
1193 3016 1726 3101 Bituricensibus,
1743 3018 1854 3105 qui
1861 3018 2072 3106 gleire

446 3130 510 3188 et
571 3120 866 3209 glorieux
910 3127 975 3187 et
1018 3117 1257 3186 similia
1310 3118 1595 3199 efferunt,
1651 3118 1837 3204 quasi
1893 3118 2071 3182 lioire

447 3221 870 3309 dissyllabum
937 3230 1003 3289 et
1053 3219 1308 3285 liorieux
1367 3219 1773 3306 trisyllabum
1824 3217 2069 3287 scriba-

443 3330 566 3389 tur.
654 3322 768 3392 Sic
812 3344 963 3410 ergo
1008 3321 1246 3410 duplex
1289 3320 1340 3386 ll
1376 3344 1417 3388 a
1454 3320 1725 3390 Francis
1768 3318 2065 3389 enuntia-
