2634 3992
18 592 59 708 ψῃῌ

1022 316 1100 369 De
1139 317 1463 372 accentibus,
1976 323 2061 387 89

554 465 854 547 Quarta
882 467 1197 555 Regula.
1266 469 1722 557 Diphthongus
1753 494 1836 534 aa
1893 494 2058 537 sem-

434 587 551 652 per
600 568 972 654 producitur
1016 571 1156 637 sive
1197 571 1267 635 in
1308 571 1691 657 penultima,
1744 578 1815 636 ut
1857 573 2060 636 aultre

430 693 547 749 -υ,
598 677 822 732 autanl
877 705 1001 754 ——,
1054 671 1337 736 haullain
1380 703 1499 754 -ν,
1576 673 1714 738 sive
1766 672 1836 737 in
1881 682 2095 757 ante--

428 770 807 854 penultima,
838 781 910 837 ut
935 772 1309 836 haultement
1332 798 1502 854 —v—,
1538 773 1857 838 haullaine
1889 805 2054 858 -υυ,

430 872 569 936 sive
634 871 704 936 in
769 873 991 938 ultima
1051 873 1343 940 trahente
1410 897 1624 940 secum
1685 886 2086 999 sequentem·

430 973 798 1056 dictionem,
846 984 916 1040 ut
956 973 1136 1037 haul!
1177 983 1239 1039 et
1281 974 1486 1038 droict
1513 1000 1679 1042 -νυ,

554 1072 861 1154 Quinta
899 1074 1217 1162 Regula.
1287 1076 1342 1139 S
1379 1078 1546 1143 inter
1590 1078 1748 1144 duas
1793 1080 2053 1146 vocales

429 1174 829 1262 deprehensa
912 1199 988 1241 ac
1073 1177 1375 1262 proinde,
1467 1179 1636 1244 sicut
1715 1203 1831 1246 suo
1907 1183 2053 1247 loco

429 1276 702 1345 diximus
723 1328 740 1358 ,
818 1299 937 1362 per
1013 1299 1049 1338 z
1124 1277 1534 1362 pronuntiata
1616 1288 1681 1343 et
1764 1281 2056 1346 vocalem

429 1377 818 1464 singularem
900 1385 964 1441 et
1041 1375 1500 1463 diphthongum
1576 1378 2056 1444 antecedentem

427 1479 757 1565 producit,
824 1484 897 1539 ut
947 1479 1136 1557 iaser,
1207 1475 1431 1558 braise,
1502 1485 1740 1556 saison,
1806 1478 2054 1564 plaisir,

425 1601 636 1658 cause,
696 1576 847 1657 hise,
904 1578 1078 1658 mise,
1129 1581 1342 1662 prise,
1393 1600 1554 1657 oser,
1597 1578 1800 1661 chose,
1830 1601 2056 1665 poser,

433 1677 677 1756 choisir,
720 1677 913 1758 loisir,
969 1679 1167 1756 noise,
1214 1680 1387 1759 toise,
1433 1701 1600 1758 user,
1644 1701 1809 1760 ruse,
1856 1701 2051 1756 muse,

430 1781 621 1859 cuise,
646 1777 973 1859 srise—v3
1000 1800 1254 1842 camuse
1289 1803 1467 1857 v—v5
1506 1778 1654 1844 etin
1678 1781 2055 1866 antepenul-

429 1879 615 1961 tima,
663 1887 733 1942 ut
763 1901 1050 1960 causer-a,
1082 1899 1289 1961 asera,
1324 1878 1695 1963 embrasera,
1730 1902 2053 1967 reposera,

433 1977 721 2059 choisira,
788 1981 1064 2065 prisera,
1139 1981 1394 2061 cuis-ine,
1463 2001 1670 2060 asera,
1725 2004 2047 2066 accusera,

431 2102 750 2161 excusem,
830 2102 1054 2168 usage,
1127 2082 1349 2167 visege
1400 2110 1574 2167 —vv3
1638 2081 1767 2147 nisi
1840 2082 2055 2147 obstet

427 2181 778 2267 penultima
854 2182 982 2246 alia
1055 2180 1302 2245 ratione
1378 2182 1599 2268 longa3
1666 2190 1819 2247 tunc
1883 2181 2054 2245 enim

426 2282 779 2367 penultima
809 2280 1186 2362 dominatur,
1217 2289 1288 2345 ut
1301 2284 1517 2367 prisee
1563 2309 1723 2361 ν-ν,
1768 2302 2051 2361 accusee,

431 2403 691 2447 excusee
722 2410 940 2457 »av—v,
1003 2381 1255 2468 Excipe
1302 2405 1338 2446 e
1377 2383 1790 2448 foemininum
1832 2403 2054 2446 occur-

428 2505 607 2564 rens,
674 2482 847 2568 quod
897 2505 1221 2568 nunquam
1274 2483 1672 2569 producitur,
1730 2490 1798 2546 ut
1836 2502 2050 2567 peser,

357 2631 362 2637 .
422 2586 602 2670 gesir
647 2608 763 2664 νυ,
813 2587 1039 2669 gesine
1073 2610 1226 2654 νυν,
1305 2583 1470 2649 Item
1514 2593 1680 2647 treze
1725 2611 1840 2665 νυ,
1897 2605 2054 2668 qua-

849 2687 1029 2747 moisi
1088 2710 1206 2764 v—,
1272 2685 1570 2748 cramoisi
1604 2708 1751 2732 νν-
1829 2685 2049 2765 wesin,

430 2691 600 2745 torze
637 2711 791 2763 νυν,
1748 2739 1763 2764 ,

430 2786 647 2845 cousin
692 2808 808 2863 νυ,
856 2786 1109 2865 volsine,
1159 2787 1417 2847 cousine
1465 2812 1620 2854 νυν,

556 2882 803 2950 Sexta
852 2883 1174 2970 Regula.
1277 2885 1330 2946 Α
1392 2905 1537 2948 cum
1601 2886 1624 2946 i
1677 2883 2053 2969 quiescente

428 2994 575 3050 ante
635 2982 872 3068 duplex
932 2984 981 3047 ll
1028 2984 1218 3050 molle
1267 3005 1408 3048 cum
1454 3007 1488 3047 e
1527 2983 1871 3049 foeminino
1919 2982 2053 3048 dic-

424 3085 664 3150 tionem
716 3084 979 3151 fim‘ente
1025 3093 1124 3151 est
1165 3086 1454 3171 longum,
1511 3092 1583 3149 ut
1625 3083 1794 3165 aille,
1843 3082 2049 3164 baille,

426 3186 629 3268 caille,
695 3185 906 3269 faille,
994 3186 1215 3267 maille,
1286 3185 1509 3272 paille,
1584 3183 1786 3267 soille,
1860 3185 2052 3267 tuille,

424 3286 608 3351 vaille
646 3318 766 3357 -ν,
