2634 3992
585 375 662 438 16
1046 410 1050 414 -
1184 372 1260 424 De
1304 372 1590 425 vocalibus».

582 524 714 593 Sed
742 533 806 589 et
831 524 1091 590 Picardi
1116 533 1394 590 veterem
1421 523 1527 588 hic
1558 546 1809 609 quoque
1835 533 1967 589 tum
1999 523 2199 609 scrip·-

579 636 787 691 turam
814 636 947 689 tum
974 625 1554 712 pronuntiationem
1582 624 1992 705 retinuerunt,
2038 625 2196 691 adeo

581 727 836 813 quidem
905 735 975 791 ut
1046 727 1235 793 etiam
1309 726 1591 792 scribant
1663 734 1727 791 et
1788 726 2201 813 pronuntient

582 850 763 894 ceens
821 828 957 912 (hic
986 828 1210 911 intus),
1259 826 1493 891 dedens
1525 827 1777 912 (intus),
1823 829 1992 892 leens
2037 827 2201 912 (illic

578 929 808 1014 intus),
846 952 1036 1015 quum
1059 928 1290 1014 reliqui
1311 927 1549 994 Franci
1578 928 1929 995 scribamus
1962 939 2025 994 et
2051 952 2199 1014 pro·

578 1031 942 1095 nuntiemus
975 1052 1184 1111 ceans,
1232 1029 1496 1106 dedam,
1544 1029 1739 1092 leans,
1793 1029 1981 1094 Alter
2008 1029 2198 1095 huius

580 1131 800 1196 literae
847 1153 1043 1196 sonus
1088 1130 1478 1196 adulterinus
1526 1138 1625 1196 est
1663 1130 1831 1196 idem
1883 1138 2074 1216 atque
2123 1130 2200 1195 li·

578 1241 753 1297 terae
799 1234 823 1294 i
861 1231 1213 1318 geminatae
1259 1231 1563 1318 duplicis,
1619 1232 1690 1295 in
1749 1252 1940 1296 unam
1988 1240 2200 1296 tamen

581 1333 892 1418 syllabam
937 1332 1389 1412 coalescentis,
1437 1333 1726 1417 quamvis
1770 1331 2084 1397 scribatur
2123 1333 2198 1408 ie,

578 1433 765 1499 litera
817 1456 856 1494 n
911 1442 1217 1520 sequente
1285 1441 1473 1520 atque
1528 1434 1867 1500 dictionem
1919 1434 2199 1498 finiente·

581 1532 695 1602 Sic
750 1533 821 1599 in
867 1533 970 1601 his
1036 1537 1496 1621 monosyllabis
1551 1545 1724 1603 recte
1774 1533 2200 1622 pronuntiatis

581 1635 833 1717 accidit,
882 1634 1017 1699 bien
1047 1636 1316 1720 (bonum
1344 1639 1451 1705 vel
1481 1639 1690 1722 bene),
1735 1638 1904 1701 chien
1935 1635 2197 1720 (canis),

586 1735 2198 1826 Chrestien(Christianus)disyllabum‚mien(meus),

583 1838 714 1900 rien
745 1836 985 1921 (nihil),
1034 1841 1168 1903 sien
1200 1840 1439 1925 (suus),
1488 1844 1610 1905 tien
1642 1841 1820 1925 (tuus
1849 1840 1956 1906 vel
1995 1838 2197 1922 tene),

581 1960 724 2003 cum
774 1938 1185 2023 compositiS‚
1234 1944 1374 2005 vien
1418 1941 1638 2024 (venio
1680 1942 1788 2008 vel
1836 1941 2015 2025 veni>
2061 1963 2201 2006 cum

581 2039 971 2126 compositis,
1029 2062 1192 2126 quae
1244 2041 1460 2107 omnia
1495 2043 1811 2109 vocabula
1854 2042 1947 2108 sic
1977 2065 2016 2107 a
2042 2063 2199 2128 pure

578 2141 1138 2228 pronuntiantibus
1216 2141 1560 2208 efferuntur
1624 2165 1700 2209 ac
1766 2144 1821 2209 si
1899 2143 2200 2227 scriptum

581 2251 757 2308 esset
809 2245 834 2306 i
883 2242 1120 2328 duplici
1178 2245 1364 2321 siien,
1420 2244 1612 2308 chilon
1667 2252 1785 2311 etc.
1897 2244 2199 2310 Pictones

580 2352 793 2409 tamen
836 2353 1119 2410 veterem
1160 2344 1741 2429 pronuntiationem
1793 2369 1909 2433 per
1953 2369 1987 2410 e
2032 2346 2204 2412 clau-

583 2469 725 2511 sum
776 2446 1118 2511 retinuisse
1172 2445 1378 2511 videri
1431 2456 1726 2533 possent,
1792 2447 1919 2513 nisi
1976 2470 2009 2511 e
2049 2446 2120 2511 in
2163 2469 2204 2508 α

582 2556 914 2630 mutarent,
959 2554 1031 2611 ut
1073 2546 1148 2609 ils
1194 2545 1425 2623 disant,
1472 2547 1551 2612 ils
1584 2547 1862 2634 parlanl.
1953 2545 2086 2614 Sed
2133 2547 2205 2612 in

581 2648 926 2713 earundem
973 2668 1207 2713 vocum
1265 2647 1632 2714 foemininis
1688 2671 1723 2713 e
1779 2649 2063 2715 clausum
2103 2670 2206 2714 re·

581 2750 888 2815 stituitur:
943 2748 1276 2815 scribimus
1313 2748 1488 2815 enim
1526 2758 1589 2815 et
1620 2749 1936 2816 efferimus
1977 2749 2204 2829 chiene,

581 2851 792 2934 (canis
805 2850 1129 2933 foemina),
1150 2851 1509 2915 Chresliene
1520 2849 1949 2935 (Christiana)
1958 2850 2204 2935 [quam-

579 2951 682 3017 vis
731 2950 1105 3017 Chrestiente
1144 2950 1678 3036 (Christianitas),
1721 2950 2201 3039 pronuntiemus

584 3051 982 3138 Chresliente]
1011 3057 1206 3119 miene
1219 3052 1443 3138 (mea),
1468 3055 1638 3118 siene
1661 3052 1858 3136 (sua),
1886 3054 2040 3115 tiene
2064 3048 2205 3132 (tua

579 3162 646 3220 et
683 3149 963 3240 teneat),¹
994 3157 1169 3220 viena
1212 3154 1508 3241 (veniat).
