2634 3992
560 390 649 454 24
1156 392 1234 445 De
1270 393 1699 449 consonantibus,

562 543 751 611 candi
807 543 982 608 modi
1046 546 1386 610 verborum
1449 544 1802 611 activorum
1858 554 1884 610 t
1933 546 2190 614 literam

558 644 932 731 regulariter
993 646 1321 731 requirant
1389 646 1458 710 in
1523 648 1805 712 secunda
1869 656 1932 715 et
1994 649 2192 714 tertia

562 746 1141 832 coniugationibus,
1192 746 1527 817 scribimus
1556 756 1772 813 tamen
1802 746 2029 812 entend
2058 748 2182 830 (in-

557 847 838 932 telligit),
865 845 1056 930 send,
1103 845 1356 930 defend,
1372 848 1564 931 fond,
1590 847 1885 934 respond,
1917 855 2183 934 propter

558 948 827 1030 infinita,
888 960 1062 1013 enten
1070 946 1198 1025 dre,
1240 948 1494 1032 fendre,
1555 948 1873 1029 defendre,
1916 948 2179 1033 fondre,

561 1048 928 1134 respondre‚
1003 1049 1234 1135 quibus
1308 1050 1502 1114 etiam
1573 1051 1870 1115 nonnulli
1940 1051 2194 1117 addunt.

544 1149 807 1236 plaind‚
852 1149 1076 1236 peincl,
1123 1150 1360 1225 craincL
1387 1150 1599 1233 scinci,
1647 1151 1945 1226 estraind,
1990 1150 2180 1228 wind,

549 1251 772 1338 poind,
832 1251 947 1317 sed
1001 1251 1339 1317 immerito.
1425 1252 1564 1318 Nec
1618 1253 1789 1326 enim
1836 1253 1905 1318 in
1958 1275 2179 1318 eorum

555 1354 824 1418 infinitis
866 1352 1103 1435 modis,
1164 1351 1479 1438 plaindre,
1523 1354 1806 1439 peindre‚
1873 1354 2181 1436 ominare,
2294 1424 2300 1431 ,

538 1453 820 1538 scindre,
858 1454 1225 1525 estraindre,
1273 1454 1533 1532 ioindre,
1570 1456 1860 1541 poindre,
1905 1457 2092 1521 litera
2135 1455 2183 1519 cl

553 1555 876 1621 invenitur
919 1565 990 1621 ut
1031 1557 1099 1621 in
1141 1556 1272 1621 illis
1317 1580 1397 1622 ex
1437 1558 1747 1644 analogia,
1794 1558 1911 1623 sed
1940 1555 2179 1642 eupho-

553 1658 702 1723 niae
749 1680 945 1723 causa
995 1657 1324 1738 inseritur,
1383 1667 1452 1722 ut
1491 1659 1562 1722 in
1606 1658 1858 1725 Graeca
1901 1656 2180 1721 dictione

555 1749 800 1839 ἀνδρός
873 1780 990 1842 pro
1060 1752 1280 1839 ἇνρός,
1348 1767 1413 1823 et
1464 1758 1533 1823 in
1587 1759 1642 1824 F
1644 1760 1903 1824 rancica
1966 1755 2180 1825 lendre

553 1882 669 1944 pro
710 1867 898 1933 lente,
932 1881 971 1923 a
1006 1858 1241 1922 Latina
1268 1881 1429 1924 voce
1469 1869 1707 1925 tener.
1782 1859 1913 1928 Sed
1938 1859 2181 1923 nullam

557 1959 1034 2025 excusationem
1080 1958 1353 2023 admittit
1396 1982 1614 2025 eorum
1660 1965 1831 2025 error
1875 1960 1982 2045 qui
2010 1960 2179 2024 inter

553 2059 771 2145 quand
798 2083 913 2147 pro
946 2061 1255 2146 quando
1303 2070 1366 2127 et
1408 2070 1604 2147 quant
1643 2084 1759 2147 pro
1806 2068 2175 2145 quantum

550 2161 795 2227 nullum
838 2162 1179 2227 discrimen
1228 2163 1298 2227 in
1344 2161 1659 2248 scriptura
1702 2169 2002 2226 statuunt.
2089 2159 2178 2225 Et

536 2215 657 2453 {ic
723 2263 1106 2329 admonendi
1172 2274 1321 2329 sunt
1387 2261 1693 2330 Germani
1756 2285 1839 2327 ne
1896 2271 1919 2325 l
1967 2284 2085 2347 pro
2133 2259 2179 2323 d

595 2366 984 2445 ronuntient‚
1032 2375 1101 2429 ut
1145 2387 1332 2430 suum
1372 2364 1490 2427 das
1534 2374 1597 2430 et
1627 2362 1760 2450 dog
1805 2364 2026 2429 efferre
2072 2385 2176 2428 so-

544 2456 690 2534 }'lent
721 2477 818 2531 las
852 2477 916 2533 et
948 2476 1079 2554 teg,
1128 2475 1191 2530 et
1218 2465 1446 2531 Latine
1488 2490 1604 2553 pro
1647 2466 1974 2530 doctore
2005 2475 2174 2529 toc-

547 2578 796 2634 torem
839 2576 948 2632 aut
991 2568 1180 2633 etiam
1223 2577 1301 2631 to
1320 2566 1451 2632 cth
1473 2588 1671 2632 orem
1709 2567 2011 2652 proferre.

1275 2719 1435 2820 Ff-

673 2871 864 2936 Hanc
903 2871 1156 2936 literam
1194 2871 1379 2935 initio
1409 2871 1612 2937 fuisse
1643 2870 1899 2938 Aeolici
1930 2870 2174 2954 digam-

544 2973 733 3039 matis
794 2973 930 3039 sive
980 2996 1013 3035 v
1052 2974 1465 3038 consonantis
1509 2982 1748 3053 notam,
1792 2973 1938 3058 ipsa
1968 2971 2174 3055 figura

547 3098 586 3140 a
614 3073 868 3140 Latinis
899 3084 1206 3161 usurpata
1248 3075 1641 3140 demonstrat
1675 3097 1754 3139 ex
1794 3096 1920 3137 uno
1963 3094 2173 3158 gram-

541 3186 717 3241 mate
765 3177 948 3241 alteri
989 3177 1287 3262 imposito
1335 3183 1715 3254 constructa,
1767 3183 1839 3238 ut
1879 3197 1961 3238 ex
1984 3171 2172 3239 Cice-

538 3278 716 3343 ronis
789 3279 990 3343 etiam
1063 3277 1339 3362 quodam
1391 3277 1535 3340 loco
1592 3276 1660 3339 in
1716 3274 1998 3340 oratione
2051 3294 2170 3358 pro

543 3376 783 3442 Flacco
829 3376 1168 3441 manifeste
1197 3376 1442 3460 .liquet.
1549 3375 1787 3443 Postea
1839 3398 1993 3440 vero
2048 3396 2163 3459 pro
