2634 3992
1135 338 1177 394 1.
1251 336 1309 391 0.
1388 338 1445 392 u.
1978 341 2061 405 69

441 488 690 553 dira-on
731 488 1121 574 (diceturne)
1164 499 1227 555 et
1255 492 1465 552 ira-on
1499 490 1855 573 (ibiturne),
1912 514 2061 578 pro-

436 592 734 656 nuntiant
786 598 999 655 autem
1044 589 1236 654 dir-at-
1207 613 1346 672 -on,
1397 593 1546 653 irat·
1554 614 1663 674 on,
1708 593 1838 659 nisi
1880 594 2061 659 mali-

436 715 576 757 mus
608 692 821 757 dicere
854 690 1021 769 dira·
1024 691 1152 773 lon,
1199 694 1323 755 ira·
1294 692 1449 757 ·-.lon
1518 691 1649 813 Sed
1682 693 1760 757 de
1801 691 1924 759 hoc
1966 693 2063 758 di-

444 815 663 859 cemus
707 794 775 858 in
817 792 1001 859 litera
1043 805 1083 857 t.

565 893 730 959 Item
802 894 1074 980 quiescit
1143 896 1212 959 in
1287 896 1700 983 triphthongo
1774 916 1918 975 ceu,
1993 904 2064 959 ιιι

442 1016 669 1059 oeuvre
744 994 986 1081 (opus),
1054 994 1257 1081 boeuf
1307 996 1507 1082 (bos),
1576 996 1738 1080 oeus
1784 996 2059 1081 (ovum),

441 1117 604 1182 quae
679 1097 1192 1182 pronuntiantur,
1252 1106 1325 1162 ut
1388 1098 1443 1164 si
1519 1098 1823 1184 scriptum
1888 1106 2063 1163 esset

439 1219 639 1278 eum-e,
693 1196 856 1282 heus,
912 1198 1035 1282 eus,
1094 1199 1163 1263 in
1208 1199 1440 1283 quibus
1486 1207 1657 1265 certe
1703 1196 2061 1265 scribendis

437 1298 705 1363 vocibus
763 1321 799 1362 o
853 1298 1275 1411 praetermitti
1339 1299 1573 1383 potuit,
1632 1308 1703 1363 ut
1755 1321 1872 1364 suo
1915 1299 2062 1364 loco

439 1399 733 1464 diximus.

1126 1551 1238 1625 De
1287 1549 1371 1626 U.

569 1701 620 1764 U
649 1700 889 1766 vocalis
934 1701 1209 1786 quiescit
1251 1710 1401 1788 post
1436 1725 1489 1788 g
1535 1708 1840 1788 sequente
1885 1721 1935 1782 e,
1992 1710 2064 1765 ut

441 1802 680 1891 langue
708 1801 1006 1888 (lingua),
1050 1803 1159 1867 vel
1178 1802 1577 1890 diphthongo
1607 1824 1702 1885 eu,
1734 1810 1805 1866 ut
1826 1803 2064 1889 gueule

441 1903 673 1989 (gula),
741 1903 846 1968 vel
889 1906 926 1985 i,
972 1913 1043 1967 ut
1085 1903 1341 1991 languit
1384 1903 1768 1990 (languere),
1823 1902 2064 1970 idcirco

438 2014 684 2071 tantum
742 2005 1161 2092 adscriptum,
1220 2014 1288 2071 ut
1333 2004 1727 2091 significetur
1762 2028 1833 2091 g,
1896 2004 2067 2091 quod

440 2117 587 2174 ante
630 2129 663 2171 e
710 2116 775 2172 et
816 2109 841 2169 i
876 2098 1278 2193 pronuntiari
1310 2107 1476 2173 solet
1513 2116 1585 2171 ut
1597 2106 1644 2191 j
1680 2128 2064 2187 consonans,

334 2210 342 2217 ’
438 2209 726 2275 nativum
750 2230 936 2273 suum
960 2229 1185 2274 sonum
1215 2207 1284 2271 in
1312 2208 1441 2274 iuis
1471 2209 1741 2275 vocibus
1768 2207 2063 2272 retinere.

564 2309 730 2375 Item
806 2310 1080 2394 quiescit
1146 2318 1298 2394 post
1363 2332 1395 2371 c
1463 2319 1771 2394 sequente
1836 2331 1932 2389 eu,
1998 2314 2068 2371 ut

440 2431 629 2474 cucur
659 2410 849 2494 (cor),
897 2409 1214 2497 quomodo
1249 2409 1441 2474 etiam
1472 2409 1761 2475 scribunt
1791 2405 2068 2471 cueuiHir

443 2517 506 2573 et
550 2510 827 2593 recueul,
873 2513 968 2578 sic
1013 2510 1454 2597 pronuntiata,
1489 2531 1563 2574 ac
1595 2510 1649 2574 si
1680 2531 1797 2596 per
1825 2508 1865 2571 k
1910 2507 2066 2573 scri·

439 2609 693 2676 berctur
735 2611 906 2690 keur,
950 2610 1208 2691 keuillir,
1255 2610 1482 2676 rekeul.

567 2710 731 2776 Item
772 2713 1044 2797 quiescit
1070 2720 1224 2798 post
1255 2735 1315 2797 q,
1364 2735 1777 2799 quaecunque
1820 2711 2066 2779 vocalis

444 2820 772 2896 sequatur,
815 2834 1044 2897 nempe
1086 2812 1195 2876 vel
1237 2835 1295 2894 a,
1344 2823 1414 2877 ut
1456 2814 1696 2899 quand,
1751 2813 1856 2879 vel
1900 2836 1951 2895 e,
1996 2823 2070 2878 ut

440 2933 588 2996 que,
634 2911 741 2977 vel
782 2915 819 2994 i,
865 2923 936 2977 ut
979 2915 1102 2998 qui.

565 3011 899 3081 Postremo
930 3013 1206 3099 quiescit
1233 3013 1300 3077 in
1348 3014 1725 3099 quibusdam
1765 3014 2068 3100 tempori-

439 3114 559 3181 bus
590 3115 769 3180 verbi
797 3114 1075 3197 habeO,
1121 3137 1351 3201 nempe
1394 3113 1463 3178 in
1504 3113 1714 3178 futuro
1755 3114 1926 3180 modi
1968 3115 2066 3180 in-

441 3215 695 3282 dicandi
723 3225 786 3282 et
812 3216 1183 3304 imperfecto
1213 3215 1391 3281 modi
1423 3214 1828 3281 subiunctivi.
1902 3215 2066 3281 Nam

438 3313 597 3385 haec
637 3328 926 3406 tempora
953 3318 1271 3405 incipiunt
1299 3340 1339 3383 a
1380 3317 1591 3383 vocali
1635 3340 1674 3380 a
1720 3327 1784 3384 et
1827 3342 1861 3382 v
1909 3340 2063 3383 con-
