2634 3992
1182 329 1279 382 Eu.
1354 329 1434 382 oi.
2031 331 2114 394 53

492 493 555 549 et
575 483 886 571 Aquitani
904 483 1258 562 interiores,
1292 481 1462 567 apud
1485 504 1645 567 quos
1667 491 1892 566 poetas
1918 502 2111 566 saepe

489 586 787 651 invenias
815 584 980 649 falsa
1021 576 1486 661 ὁμοωτέλευτα
1528 584 1651 649 hac
1694 582 2110 668 diphthongo,

487 695 559 750 ut
598 687 752 749 hear
797 697 860 750 et
892 683 1040 764 dur,
1100 706 1485 771 engraveure
1529 691 1592 748 et
1615 684 1875 770 figure,
1924 683 2112 746 heure

490 796 555 852 ct
596 796 837 849 nature.

617 886 812 968 Quod
857 894 1068 951 autem
1112 886 1386 951 diximus
1443 886 1523 951 de
1568 885 1959 971 diphthongo
2005 908 2109 963 au,

489 997 591 1053 est
633 987 825 1052 etiam
865 988 933 1052 in
960 988 1088 1053 ista
1114 987 1609 1068 obvervandum‚
1639 1009 1871 1074 nempe
1899 985 2113 1051 vocali

486 1089 771 1184 proxime
795 1097 1100 1175 sequente
1120 1088 1363 1153 nullum
1386 1110 1532 1154 esse
1551 1089 1702 1154 huic
1721 1087 2114 1174 diphthongo

485 1192 730 1269 locum,
802 1190 918 1256 sed
980 1213 1015 1252 v
1081 1198 1542 1254 consonantem
1614 1212 1758 1254 esse
1846 1198 1911 1254 et
1973 1211 2117 1253 cum

486 1291 600 1356 illa
675 1291 889 1356 vocali
961 1290 1329 1369 cohaerere,
1397 1298 1468 1353 ut
1529 1293 1791 1352 sever-ite
1846 1289 2112 1368 (severi-

483 1396 609 1475 tas)
648 1401 917 1477 quatuor
944 1391 1363 1476 syllabarum3
1396 1393 1703 1453 rece-vrai
1721 1390 2112 1475 (recipiam),

484 1497 898 1578 aperce-vrai,
943 1492 1373 1578 (percipiam).

1239 1644 1347 1718 Οἱ.

616 1795 802 1860 Haec
867 1793 1295 1881 diphthongus
1348 1795 1568 1860 nativo
1638 1817 1753 1859 suo
1810 1818 1966 1860 sono
2042 1795 2111 1859 id

486 1908 586 1964 est
633 1910 898 1984 utraque
943 1906 1228 1982 correpte
1268 1897 1519 1981 prolata
1542 1898 1751 1962 vocali
1778 1897 2109 1983 profertur,

484 2001 732 2086 quoties
762 2022 907 2065 cum
928 1998 1040 2063 illa
1070 1998 1367 2064 cohaeret
1394 2023 1453 2079 n,
1484 2007 1554 2062 ut
1582 2001 1781 2061 moins
1812 1998 2107 2083 (minus),

481 2100 759 2164 moindre
782 2100 1065 2186 (minor),
1081 2103 1218 2162 soin
1236 2100 1682 2185 (sollicitudo),
1695 2099 1818 2188 locfn
1834 2101 2108 2186 (longe),

481 2200 693 2265 besoin
710 2202 1138 2283 (necessitas),
1163 2203 1422 2264 lesmoin
1446 2201 1704 2283 (testis),
1729 2201 1961 2287 quibus
1975 2202 2108 2267 dic-

482 2304 765 2369 tionibus
781 2303 1080 2368 extremis
1104 2302 1396 2389 imperite
1405 2302 1695 2366 nonnulli
1703 2328 1757 2389 g
1780 2304 2107 2375 adiiciunt.

483 2401 598 2469 Sin
652 2404 889 2485 minus,
942 2404 1010 2468 id
1053 2414 1153 2469 est
1193 2403 1321 2467 nisi
1366 2425 1405 2464 n
1448 2402 1682 2467 habeat
1718 2404 2103 2486 adiunctum,

480 2525 609 2566 non
649 2505 917 2589 amplius
950 2504 1347 2590 diphthongi,
1385 2503 1500 2568 sed
1528 2503 1922 2591 triphthongi
1946 2528 2105 2571 sono

478 2604 955 2686 pronuntiatur,
1008 2629 1236 2692 nempe
1281 2615 1352 2670 ut
1396 2609 1521 2685 ooi,
1566 2614 1630 2670 et
1672 2606 2104 2694 diphthongus

480 2704 547 2763 ai
592 2725 708 2786 pro
754 2726 831 2765 ae
875 2705 1012 2769 sive
1064 2729 1180 2792 pro
1239 2698 1569 2794 ‹eaperto⁷
1624 2718 1695 2772 ut
1756 2709 1847 2771 ἰοί
1905 2709 2100 2793 (lex),

422 2814 427 2821 ·
481 2802 606 2864 loix
626 2802 887 2889 (leges),
907 2809 1038 2866 moi
1048 2806 1421 2892 (ego),mois
1434 2807 1754 2894 (mensis),
1784 2814 1882 2873 roi
1907 2811 2105 2896 (rex),

479 2905 585 2966 soi
625 2903 778 2988 (se),
826 2907 917 2966 toi
957 2905 1109 2988 (tu),
1151 2910 1258 2969 voi
1297 2906 1567 2991 (video),
1600 2932 1757 2994 quas
1790 2911 2103 2977 dictiones

474 3005 670 3091 vulgo
722 3005 959 3070 vitiose
1025 3029 1139 3091 per
1188 3006 1421 3070 falsum
1465 3033 1519 3092 y
1575 3009 1894 3076 Graecum
1946 3013 2103 3078 sori-

475 3106 663 3187 bunt,
721 3115 791 3170 ut
850 3129 966 3172 suo
1021 3107 1163 3172 loco
1220 3108 1518 3174 diximus.
1623 3110 1837 3176 Huius
1894 3124 2105 3179 autem

476 3205 855 3294 diphthongi
917 3208 1321 3293 pinguiorem
1386 3220 1450 3274 et
1523 3210 1809 3276 latiorem
1874 3236 2099 3280 sonum

471 3310 763 3373 nonnulli
837 3308 1114 3373 vitantes
1204 3320 1582 3396 expungunt
1646 3335 1681 3374 ο
1760 3322 1825 3377 et
1899 3315 2100 3381 solam
