2634 3992
775 386 851 439 De
889 386 1317 441 consonantibus.
1386 385 1447 452 B,
1483 386 1531 439 b.
1577 386 1633 451 G,
1669 402 1713 440 c.
1972 387 2054 451 21

435 538 601 607 hanc
642 540 896 605 literam
935 547 1069 605 tum
1096 538 1384 603 vocalem
1423 548 1557 603 tum
1597 547 2056 609 consonantem

437 641 900 728 designandam
933 639 1518 721 accommodarunt,
1550 638 1673 709 hoc
1692 648 1907 707 tamen
1924 640 2055 707 dis-

437 741 703 809 crimine
760 753 1042 825 servat0,
1102 742 1273 829 quod
1325 740 1440 805 illa
1484 741 1695 827 priore
1751 741 1856 806 usi
1906 750 2056 807 sunt.

435 843 507 911 in
565 842 914 908 dictionum
968 844 1199 926 initiis,
1254 843 1382 908 ista
1433 865 1585 908 vero
1651 842 1818 908 intra
1874 843 2054 929 ipsas

439 945 752 1011 dictiones
798 953 908 1009 aut
947 945 1016 1011 in
1062 968 1279 1011 earum
1320 945 1467 1010 fine.

431 1215 547 1292 De
602 1216 1182 1293 consonantium
1244 1217 1620 1290 literarum
1674 1214 2054 1289 Francica-

826 1361 990 1408 rum
1043 1334 1661 1434 pronuntiatione.

1152 1501 1335 1575 Bb.

560 1651 746 1717 Haec
790 1673 1153 1717 consonans
1207 1651 1480 1717 eundem
1523 1651 1780 1738 quidem
1824 1673 2053 1716 sonum

433 1752 501 1817 in
552 1751 866 1818 Francica
915 1752 1135 1838 lingua
1188 1753 1424 1819 retinet
1483 1776 1672 1840 quem
1715 1761 1779 1818 et
1817 1751 2053 1819 Graeci

438 1853 769 1919 emendate
813 1854 1297 1940 pronuntiantes
1344 1864 1407 1920 et
1432 1852 1648 1919 Latini
1677 1855 2049 1937 observant,

439 1953 555 2018 sed
584 1953 897 2020 suavitate
929 1956 1202 2041 quadam
1249 1955 1603 2021 siccitatem
1642 1954 1848 2041 ipsius
1891 1964 2052 2020 tem-

433 2062 712 2141 perante,
760 2078 884 2142 quo
913 2057 1118 2142 magis
1150 2058 1505 2122 cavendum
1550 2066 1648 2122 est
1686 2055 2048 2139 GermaniS,
2078 2056 2087 2133 ζ

430 2177 513 2221 ne
565 2155 731 2221 hanc
783 2179 931 2223 cum
984 2181 1037 2244 p
1099 2158 1369 2224 sicciore
1437 2158 1627 2224 etiam
1685 2157 1870 2223 litera
1933 2181 2082 2225 suo,

432 2258 708 2342 quodam
733 2281 910 2324 more
942 2258 1348 2341 confundant,
1382 2268 1452 2324 ut
1480 2282 1674 2345 quum
1702 2281 1818 2345 pro
1851 2281 1881 2324 s
1899 2259 2080 2349 cri-3

432 2358 609 2423 bere
653 2368 715 2425 et
742 2360 871 2426 bib
888 2383 1015 2425 ere
1044 2360 1494 2447 pronuntiant,
1541 2368 1603 2424 et
1635 2360 1888 2445 quidem
1919 2382 2051 2427 non

432 2457 571 2523 sine
614 2461 909 2526 densiore
969 2484 1219 2548 quoque
1283 2462 1437 2525 flatu
1505 2461 1920 2547 scrippere
1989 2471 2088 2528 eti

429 2557 613 2644 pipp
629 2581 770 2625 ere.
855 2562 957 2628 De
999 2563 1407 2630 Vasconibus
1454 2570 1663 2627 autem
1705 2563 1870 2628 hanc
1908 2564 2051 2629 lite-

428 2679 563 2721 ram
616 2658 685 2721 in
732 2662 1073 2728 Aeolicum
1139 2665 1458 2751 digamma
1521 2663 2050 2733 transferentibus

428 2758 621 2844 paulo
666 2768 811 2825 ante
856 2770 955 2826 est
996 2786 1035 2827 a
1075 2765 1262 2831 nobis
1307 2765 1565 2831 dictum.

1160 2913 1326 2990 Co.

551 3060 737 3127 Haeo
780 3083 1168 3146 consonans,
1226 3075 1364 3129 orto
1407 3068 1825 3152 proculdubio
1872 3091 1911 3133 a
1953 3068 2052 3132 vi-

424 3161 594 3228 tiosa
634 3161 905 3228 Latinae
947 3163 1202 3249 linguae
1255 3168 1770 3252 pronuntiatione
1816 3192 2045 3251 errore,

427 3263 745 3349 duplicem
806 3263 999 3330 habet
1067 3287 1323 3349 sonum,
1392 3269 1502 3354 qui
1555 3278 1768 3336 tamen
1827 3270 2048 3339 fallere

425 3364 745 3430 neminem
799 3365 928 3432 nisi
978 3366 1113 3431 falli
1176 3368 1501 3435 volentem
1553 3370 1778 3456 possit.
1879 3370 2047 3439 Nam
