2634 3992
530 296 641 392 ‘54
1085 324 1090 330 ·
1132 285 1221 378 ‘De
1256 323 1611 394 diphthongis.

557 476 1024 562 diphthongum
1054 480 1137 559 ai,
1165 478 1234 543 id
1265 486 1365 544 est
1395 502 1429 541 e
1458 487 1747 563 apertum
1766 478 2180 560 retinuerunt,

558 586 630 641 ut
655 577 1031 660 Nox-manni,
1078 580 1188 665 qui
1229 602 1349 666 pro
1377 579 1491 664 soi
1531 578 1743 661 (fides)
1791 578 2076 645 scribunt
2120 588 2185 647 et

557 680 978 765 pronuntiant
1001 681 1146 763 sai,
1193 689 1257 746 et
1283 681 1517 766 vulgus
1546 679 2008 747 Parisiensium
2027 704 2185 766 par-

561 780 646 843 let
688 780 1139 866 (loquebatur),
1182 781 1329 844 allel
1370 782 1575 863 (ibat),
1624 790 1805 844 venet
1832 781 2180 863 (veniebat)

558 904 674 965 pro
708 882 975 967 parloit‚
1019 882 1209 963 alloit,
1256 885 1479 963 venoit,
1527 890 1590 946 et
1628 880 2026 948 Italo-franci
2063 906 2181 970 pro

557 983 847 1070 Angloi3‚
939 983 1266 1065 Franqoisg
1351 982 1687 1046 Escossois
1768 985 2183 1069 pronuntiant

555 1084 818 1172 duglas,
866 1084 1163 1166 France8‚
1210 1084 1542 1163 EscosseS,
1573 1106 1692 1169 per
1720 1106 1754 1147 e
1784 1095 2070 1169 apertum
2100 1087 2179 1153 ab

552 1184 1126 1252 Italisnominibus
1147 1184 2179 1271 Inglese‚Franeese‚Sco-

560 1308 758 1351 zese.
826 1287 990 1351 Nam
1022 1289 1100 1353 ab
1142 1287 1265 1352 hae
1307 1285 1716 1372 triphthongo
1760 1287 1855 1351 sie
1885 1287 2181 1354 abhorret

556 1387 786 1453 Italica
827 1388 1067 1475 lingua,
1113 1397 1183 1453 ut
1227 1393 1336 1469 toi,
1368 1390 1495 1449 moi
1534 1396 1597 1452 et
1641 1387 1872 1452 similia
1897 1411 2014 1474 per
2045 1389 2181 1455 dia-

556 1490 757 1576 lysin,
804 1490 1114 1576 producto
1160 1488 1351 1553 etiam
1396 1512 1431 1551 o
1486 1488 1899 1575 pronuntient
1924 1492 2066 1575 so-z'
2116 1501 2180 1557 et

553 1594 712 1655 m0-i
752 1591 1126 1677 dissyllaba.

683 1690 1179 1778 Corruptissime
1236 1713 1388 1755 vero
1442 1690 1902 1777 Parisiensium
1944 1693 2175 1778 vulgus

553 1792 764 1859 Dores
837 1786 1365 1866 πλατειάζοντας
1430 1791 1691 1874 imitati,
1772 1817 1889 1880 pro
1978 1797 2178 1857 voirre

554 1895 694 1961 sive
715 1902 785 1958 ut
814 1893 925 1959 alii
955 1892 1242 1959 scribunt
1263 1914 1440 1954 verre
1474 1891 1788 1978 (vitrum),
1796 1896 2003 1978 soirre
2034 1894 2179 1982 (pa-

551 1996 657 2062 lea
704 1994 1016 2078 farraoea)
1063 1993 1350 2059 scribunt
1392 2001 1457 2057 et
1495 1996 1912 2078 pronuntiant
1955 2019 2181 2061 voarre

555 2109 618 2164 et
652 2099 899 2182 foarre,
961 2095 1308 2180 itidemque
1362 2115 1476 2178 pro
1534 2098 1686 2158 trois
1732 2098 1944 2182 (tres),
2004 2106 2178 2161 troas

553 2210 618 2266 et
661 2211 813 2265 tras,

1308 2346 1440 2422 Ou.

674 2506 757 2574 In
798 2508 924 2572 hae
968 2499 1368 2586 diphthongo
1411 2521 1620 2586 neque
1670 2524 1706 2564 o
1739 2525 2038 2568 sonorum
2068 2525 2181 2567 ne-

555 2633 679 2696 que
726 2632 766 2671 u
812 2607 1004 2685 exile,
1065 2600 1179 2667 sed
1231 2599 1468 2666 mixtus
1526 2623 1605 2667 ex
1658 2612 1926 2689 utroque
1982 2626 2178 2670 sonus

556 2709 837 2790 auditur,
904 2728 1029 2791 quo
1086 2699 1324 2768 Graeci
1379 2701 1654 2786 quidem.
1687 2714 1939 2771 veteres
1998 2727 2181 2772 suum

556 2836 614 2892 o,
658 2809 927 2876 Romani
970 2826 1125 2870 vero
1173 2823 1357 2866 suum
1402 2824 1442 2864 u
1485 2805 1736 2885 vocale,
1790 2816 1862 2871 ut
1904 2816 1969 2872 et
2008 2827 2180 2871 nuno

556 2909 891 2990 Germani,
941 2905 1319 2983 efferebant,
1390 2903 1558 2970 unde
1601 2906 1761 2971 illud
1804 2906 2064 2985 accidit,
2110 2914 2180 2973 ut

554 3034 880 3097 nunquam
922 3010 992 3074 in
1018 3006 1269 3074 Latina.
1293 3003 1517 3090 lingua
1557 3005 1718 3073 haee
1747 3006 2178 3092 diphthongus

556 3114 958 3181 scriberetur.
1048 3109 1178 3177 Sed
1221 3104 1355 3186 hio,
1402 3114 1471 3170 ut
1513 3116 1659 3173 ante
1711 3106 2027 3187 admonui,
2074 3125 2179 3170 oa-

553 3215 828 3280 vendum
887 3223 1012 3294 est,
1069 3236 1152 3278 ne
1207 3203 1313 3279 vel
1369 3206 1897 3295 Lugdunensium
1942 3205 2053 3292 qui
2097 3229 2180 3268 ou

553 3337 671 3399 pro
719 3339 779 3397 ο,
824 3323 896 3379 ut
937 3323 1213 3390 nous-tre,
1250 3319 1507 3377 vousire
1543 3333 1659 3396 pro
1691 3317 1922 3390 nostre,
1951 3315 2179 3383 vostre,
