2634 3992
547 1018 662 1095 De
711 1017 1105 1095 Francicae
1154 1017 1446 1117 linguae
1497 1028 1699 1094 recta
1743 1044 1912 1119 pro-

993 1136 1470 1214 nuntiatione.

547 1284 789 1407 Quam
811 1329 1005 1414 vulgo
1036 1327 1357 1394 Gallicam
1380 1327 1662 1413 linguam
1695 1325 2038 1411 appellant,

417 1447 538 1511 ego
590 1426 659 1491 in
712 1427 838 1494 hoc
880 1428 1118 1513 scripto
1158 1426 1541 1492 Francicam
1580 1447 1741 1491 voco
1757 1477 1773 1507 ,
1827 1450 1957 1493 non
2000 1450 2040 1494 a

413 1524 685 1592 Francis
742 1527 1125 1594 Germaniae
1177 1526 1436 1613 populis
1492 1534 1718 1608 ortam,
1785 1527 1902 1593 sed
1960 1550 2040 1594 ex

417 1648 545 1711 quo
590 1624 844 1694 Galliae
884 1650 1167 1714 regnum,
1219 1626 1499 1693 omnium
1540 1627 1823 1714 gentium
1865 1629 2041 1695 velut

418 1747 747 1795 commune
777 1728 1143 1814 emporium,
1173 1729 1242 1794 in
1268 1728 1583 1796 Franciae
1611 1751 1846 1796 nomen
1873 1730 2037 1796 ultro

418 1829 769 1913 concessit,
843 1852 924 1896 ex
990 1839 1382 1897 caeterorum
1442 1854 1611 1918 pene
1671 1831 2039 1897 idiomatum

419 1929 865 1998 commixtione
907 1940 1126 2016 satam,
1172 1954 1248 1999 ac
1289 1933 1546 1999 tandem
1590 1932 1698 1998 sic·
1724 1933 2038 1999 excultam

417 2036 483 2095 et
524 2039 768 2098 auctam
781 2083 799 2117 ,
842 2042 915 2099 ut
957 2058 997 2101 a
1034 2034 1326 2121 plurimis
1370 2034 1507 2100 eius
1552 2034 1829 2120 cognitio
1843 2085 1860 2117 ,
1906 2042 2038 2099 tum

411 2144 674 2221 propter
701 2135 1010 2202 sermonis
1042 2137 1441 2223 elegantiam,
1468 2144 1601 2201 tum
1631 2136 1821 2202 etiam
1846 2158 2039 2222 prop-

411 2250 512 2306 ter
582 2238 941 2305 commercii
1009 2237 1344 2304 utilitatem
1417 2237 1607 2303 hodie
1685 2245 2036 2323 expetatur.

412 2337 577 2405 Eius
599 2347 808 2404 autem
833 2347 1072 2404 rectam
1098 2338 1677 2424 pronuntiationem
1706 2338 1831 2404 duo
1852 2361 2038 2424 prae-

417 2438 604 2525 cipue
665 2440 939 2506 reddunt
990 2440 1226 2505 exteris
1277 2439 1642 2515 hominibus
1696 2438 2036 2504 difficilem.

415 2537 649 2619 Unum,
695 2540 864 2626 quod
894 2563 1313 2627 unaquaeque
1346 2564 1506 2627 gens
1547 2541 1617 2605 in
1658 2541 1877 2606 nativo
1919 2561 2035 2606 suo

417 2638 719 2706 idiomate
760 2641 1081 2725 peculiare
1125 2641 1430 2727 quiddam
1458 2644 1772 2726 observat,
1817 2641 1898 2708 ad
1927 2664 2038 2708 cu-

415 2742 520 2807 ius
570 2763 858 2807 normam
910 2742 1061 2807 dum
1106 2744 1479 2829 peregrinas
1536 2743 1728 2810 etiam
1783 2742 2036 2829 linguas

415 2842 650 2910 vitiose
678 2842 964 2926 inflectit,
991 2845 1085 2909 ita
1109 2845 1186 2908 fit
1209 2853 1281 2909 ut
1301 2844 1609 2911 Germani
1631 2845 2032 2927 Germanice,

413 2945 619 3031 Angli
638 2945 932 3031 Anglice,
962 2946 1196 3012 Franci
1216 2945 1525 3012 Francice
1545 2946 1813 3011 Latinas
1839 2967 2035 3012 voces

417 3045 750 3112 enuntient
767 3054 899 3112 tam
919 3047 1113 3128 varie,
1143 3055 1214 3111 ut
1242 3046 1524 3112 eruditae
1552 3047 1807 3132 quidem
1829 3069 2033 3127 aurea,

416 3169 682 3233 quarum
711 3148 1237 3234 superbissimum
1265 3155 1366 3213 est
1396 3146 1719 3228 iudicium,
1760 3147 2036 3230 graviter

415 3248 838 3314 offendantur:
868 3249 1099 3336 vulgus
1130 3256 1342 3314 autem
1371 3247 1737 3334 imperitum
1771 3247 2036 3313 totidem

413 3346 665 3434 linguas
718 3351 936 3417 audire
990 3351 1114 3418 sibi
1171 3350 1396 3416 merito
1448 3350 1755 3416 videatur.
1852 3348 2035 3415 Alte-
