2634 3992
1019 377 1097 430 De
1135 361 1458 431 accentibus.
1966 378 2049 441 85

408 534 545 618 Ῑΐεί
571 530 870 617 (faceret)
908 537 971 595 et
998 528 1150 613 frast
1181 529 1419 616 (esset)
1466 538 1531 594 et
1564 515 1704 591 eds!
1739 526 2064 613 (haberet)

429 633 1020 712 circunflectuntur,
1065 639 1137 696 ut
1164 631 1358 717 plane
1385 630 1724 717 pudendus
1758 629 1842 694 sit
1887 648 2069 694 error

424 742 564 798 tum
595 731 979 816 scriptorum
1021 740 1160 795 tum
1201 731 1745 817 typographorum
1788 730 1897 815 qui
1938 730 2064 795 hoc

433 833 778 898 discrimen
837 830 1187 917 scripturae
1245 840 1310 896 et
1350 832 1890 918 pronuntiationis
1938 853 2072 895 non

430 933 798 1000 observant.
876 929 988 998 Sic
1035 932 1227 996 etiam
1273 933 1384 1013 ἒεί,
1437 936 1590 1016 rost,
1661 935 1786 996 t6st
1826 932 2075 997 circun-

428 1035 770 1099 flectuntur
846 1033 1191 1120 itidemque
1246 1032 1455 1119 plats!
1540 1033 1837 1120 (placet),
1896 1030 2076 1119 pldst

304 1144 319 1161 ⁹
429 1134 761 1220 (plueret),
850 1134 1081 1219 quibus
1168 1144 1579 1221 opponuntur
1650 1141 1943 1218 correpta
2014 1141 2076 1195 et

429 1236 796 1302 coniunctio
846 1235 1229 1320 copulativa,
1268 1235 1459 1320 plaid
1503 1235 1862 1319 (contentio
1906 1233 2072 1297 iudi-

428 1336 664 1421 cialis),
705 1335 892 1421 pleat
937 1336 1264 1421 (placuit),
1304 1334 1454 1420 plut
1499 1334 1743 1419 (pluit).
1811 1332 2069 1398 Itidem-

430 1460 552 1523 que
627 1436 1193 1502 circunflectuntur
1258 1437 1313 1497 ie
1381 1435 1551 1497 mear
1618 1434 1925 1518 (morior),
2004 1443 2070 1496 {a

306 1526 311 1529 ¹
426 1540 633 1602 metir-3
705 1534 1055 1620 (moreris),
1129 1533 1558 1619 corripiuntur
1622 1543 1836 1599 autem
1898 1556 2073 1598 meur·

430 1635 781 1720 (maturus)
868 1644 932 1700 et
994 1657 1201 1698 meurs
1269 1634 1579 1718 (maturi),
1656 1635 2069 1700 foemininum

431 1745 646 1803 autem
689 1732 900 1800 metire
942 1735 1249 1819 (matura)
1297 1743 1399 1799 est
1438 1735 1856 1816 trochaicum,
1904 1757 2068 1819 quae

433 1860 557 1903 usu
617 1859 749 1902 non
802 1834 1044 1921 regulis
1103 1835 1452 1900 discuntur.
1557 1834 1869 1902 Caeterae
1916 1858 2069 1901 vero

375 2007 397 2023 κ
439 1937 763 2022 syllabae,
809 1936 878 2000 id
924 1944 1024 2001 est
1051 1958 1216 2021 quae
1257 1958 1469 2021 neque
1514 1946 1823 2002 acuuntur
1865 1956 2074 2022 neque

331 2043 336 2050 '
433 2039 1025 2119 circunflectuntur,
1107 2046 1338 2103 natura
1416 2038 1647 2103 breves
1715 2047 2075 2120 censentur,

432 2138 720 2225 exceptis
751 2138 1252 2224 monosyllabis,
1295 2160 1461 2223 quae
1492 2139 1745 2222 quoties
1777 2138 2078 2204 enclitica

432 2260 650 2304 secum
695 2238 980 2320 trahunt,
1026 2239 1493 2324 producuntur,
1539 2248 1609 2302 ut
1639 2242 1700 2301 si
1725 2242 1781 2301 ie
1813 2236 1881 2300 di
1921 2238 2072 2303 dac-

427 2339 630 2424 tylum
677 2349 865 2406 sonat
906 2366 1076 2423 -υυ,
1139 2343 1251 2425 qui
1290 2348 1388 2404 est
1437 2362 1507 2402 ce
1552 2339 2070 2424 amphibrachum

432 2462 600 2519 υ-υ,
646 2460 772 2524 qua
829 2442 910 2506 de
965 2463 1035 2505 re
1087 2441 1157 2504 in
1213 2439 1551 2506 encliticis.
1642 2438 1806 2506 Sunt
1861 2447 2071 2504 autem

430 2536 556 2603 hoc
585 2537 727 2603 loco
759 2541 913 2605 mihi
945 2541 1331 2608 admonendi
1361 2539 1709 2627 peregrini,
1754 2539 2069 2624 paucissi-

431 2659 568 2703 mas
605 2660 751 2705 esse
795 2640 1022 2726 longas
1061 2642 1348 2728 syllabas
1388 2643 1458 2706 in
1491 2640 1810 2707 Francica
1846 2639 2068 2724 lingua

428 2759 586 2823 prae
668 2738 1051 2805 innumerali
1125 2744 1417 2809 brevium
1479 2741 1886 2806 multitudine
1903 2791 1919 2822 ,
1989 2762 2067 2805 ac

431 2838 706 2924 proinde
738 2841 1086 2905 verendum
1114 2843 1242 2907 illis
1274 2864 1421 2907 esse
1449 2843 1687 2926 potius,
1719 2865 1803 2908 ne
1832 2842 2064 2907 breves

430 2939 820 3024 producant,
869 2963 1057 3026 quam
1091 2963 1172 3005 ne
1201 2941 1429 3026 longas
1461 2943 1836 3028 corripiant,
1880 2965 2068 3028 prae-

434 3039 662 3104 sertim
737 3040 847 3105 ubi
918 3041 1053 3106 falli
1125 3049 1399 3127 possunt
1468 3040 1739 3106 Latinae
1810 3042 2069 3125 linguae

428 3139 822 3225 quantitate:
872 3143 967 3206 sic
1000 3140 1276 3226 exempli
1305 3140 1511 3226 gratia
1536 3150 1842 3223 natura,
1888 3165 2067 3208 vec-

428 3249 643 3322 tura,
689 3241 1037 3325 fortuna‚
1083 3264 1431 3329 persona
1461 3251 1525 3307 et
1565 3242 1798 3308 similia
1836 3242 2068 3308 Latine

428 3341 852 3425 penultimam
905 3343 1297 3429 producunt,
1357 3351 1421 3407 at
1463 3341 1816 3410 Francicae
1871 3366 2066 3410 voces
