2634 3992
1144 356 1223 410 Ei.
1297 357 1397 411 Eu.
2005 359 2083 423 51

462 512 616 576 tinis
667 534 783 597 per
826 513 850 573 i
902 508 1174 594 simplex
1228 508 1484 594 scriptis
1540 508 1858 590 deductis,
1926 508 2089 576 haec

467 613 899 699 diphthongus
946 611 1258 676 scribatur
1301 632 1605 696 expresso
1653 609 1845 674 etiam
1884 632 1939 691 e,
1972 611 2089 676 sed
2127 658 2149 695 ‚

464 737 670 800 usque
715 713 875 778 adeo
921 713 1191 777 obscure
1236 721 1301 776 et
1344 720 1650 799 correpte,
1695 720 1768 774 ut
1808 711 1919 776 vix
1950 712 2087 778 eius

469 836 664 880 sonus
699 813 1025 895 sentiatur,
1071 821 1142 876 ut
1183 815 1316 877 sein
1349 813 1600 897 (sinus),
1645 810 1894 876 ceindre
1924 812 2086 896 (cin-

465 917 665 1000 gere),
717 913 978 999 feindre
1019 915 1333 1000 (fingere),
1407 913 1675 1005 peindre
1745 914 2085 1000 (pingere),

466 1015 701 1081 teindre
745 1016 1062 1101 (tingere),
1113 1018 1357 1079 veincre
1400 1016 1708 1100 (vincere)
1743 1039 1890 1081 cum
1920 1017 2087 1082 deri-

462 1119 647 1184 vatis.
722 1118 1066 1183 Praeterea
1108 1118 1545 1184 observandae
1592 1127 1741 1184 sunt
1772 1118 2083 1184 dictiones

466 1243 628 1306 quae
668 1219 927 1284 nonnisi
969 1241 1087 1304 per
1130 1211 1437 1280 διάλυσιν
1480 1220 1844 1285 scribuntur
1889 1229 1953 1284 et
1993 1220 2084 1284 ef-

463 1321 765 1401 feruntur,
808 1328 881 1384 ut
913 1323 1165 1382 reiterer
1204 1319 1555 1402 (reiterare)
1590 1328 1859 1405 quatuor
1892 1320 2087 1405 sylla-

461 1423 684 1487 barum
714 1429 778 1485 et
808 1418 974 1484 obeir
1005 1420 1315 1502 (obedire)
1347 1419 1749 1505 trisyllabum
1779 1443 1921 1485 cum
1952 1421 2087 1486 suis

468 1521 791 1586 derivatis.
879 1520 1177 1606 Denique
1230 1529 1376 1585 ante
1423 1521 1661 1606 duplex
1701 1520 1752 1584 ll
1793 1522 2091 1589 scribitur

477 1622 734 1707 quidem
780 1623 854 1702 ei,
886 1622 1003 1686 sed
1031 1624 1054 1684 i
1081 1621 1451 1707 quiescente
1494 1631 1561 1687 et
1602 1623 1739 1688 solo
1785 1646 1820 1687 e
1872 1633 2092 1709 aperto

469 1721 900 1809 pronuntiatO,
946 1731 1018 1786 ut
1046 1723 1242 1786 {mille
1285 1722 1622 1808 (pergula),
1668 1724 1879 1788 treillis
1911 1727 2087 1810 (can—

473 1822 674 1905 celli),
741 1822 1028 1887 corneille
1092 1824 1397 1909 (cornix),
1446 1823 1736 1890 corbeille
1792 1826 2086 1911 (corbis),

458 1924 651 1990 veille
696 1923 1001 2010 (vigilia),
1046 1924 1256 1989 veiller
1297 1924 1645 2012 (vigilare).

1198 2076 1344 2154 Eu.

582 2228 662 2294 In
681 2228 804 2294 hac
828 2229 1222 2316 diphthongo
1243 2239 1472 2296 neutra
1491 2230 1735 2296 vocalis
1762 2229 2084 2312 distincte,

462 2333 573 2398 sed
606 2354 802 2397 sonus
835 2332 1092 2417 quidam
1121 2354 1202 2396 ex
1233 2354 1266 2394 e
1305 2341 1367 2397 et
1405 2355 1447 2394 ιι
1485 2339 1877 2417 temperatus
1907 2330 2088 2396 audi-

458 2444 579 2515 tur,
627 2457 818 2519 quem
861 2443 923 2500 et
948 2432 1220 2501 Graecis
1262 2442 1328 2498 et
1353 2433 1604 2500 Latinis
1649 2433 1939 2518 ignotum
1977 2432 2086 2497 vix

459 2534 652 2599 liceat
689 2535 821 2598 ulla
850 2534 1279 2622 descriptione
1306 2534 1665 2622 peregrinis
1709 2534 2083 2620 exprimere,

461 2646 533 2701 ut
596 2634 762 2718 beuf,
829 2659 1004 2719 ceux,
1065 2658 1208 2719 eux,
1253 2636 1409 2735 seu,
1449 2638 1570 2718 ieu,
1617 2637 1792 2716 ieux,
1837 2636 2085 2718 iog'jeux,

462 2735 630 2800 allen
666 2734 1044 2818 (allodium),
1067 2739 1231 2822 neus
1237 2737 1554 2821 (novem),
1572 2759 1704 2823 peu
1728 2736 2084 2822 (paucum),

461 2860 609 2903 seur
631 2838 886 2919 (soror),
918 2860 1036 2901 ven
1059 2838 1324 2921 (votum)
1358 2847 1421 2904 et
1444 2838 1695 2920 similia,
1726 2838 1797 2902 in
1817 2861 2085 2924 quorum

459 2938 786 3007 nonnullis
828 2937 1086 3004 Picardi
1137 2938 1359 3005 nescio
1416 2962 1539 3025 quo
1593 2939 1784 3004 modo
1840 2939 2085 3004 elidunt

462 3065 513 3124 e,
564 3051 636 3106 ut
694 3063 889 3127 quum
938 3040 1354 3125 pronuntiant
1407 3039 1513 3102 diu
1570 3047 1633 3104 et
1689 3042 1752 3101 iu
1790 3062 1905 3124 pro
1939 3038 2085 3101 dieu

463 3152 527 3208 et
581 3146 698 3208 ieu.
788 3140 900 3208 Sic
953 3142 1123 3228 apud
1166 3163 1276 3207 eos
1329 3141 1438 3226 qui
1491 3140 1713 3227 purius
1770 3138 2083 3204 Francice

459 3243 635 3330 loqui
678 3244 1120 3310 existimantur
1173 3265 1331 3308 usus
1375 3242 1668 3324 obtinuit,
1713 3250 1784 3306 ut
1827 3265 1861 3305 e
1907 3250 2082 3307 exte-

460 3354 660 3428 ratur,
717 3347 992 3433 primum
1032 3346 1101 3411 in
1157 3344 1540 3432 quibusdam
1592 3342 1962 3410 nominibus
2017 3352 2083 3408 et

1707 3445 1777 3498 4*
