2634 3992
575 374 659 437 64
1032 373 1109 426 De
1145 373 1313 426 literis
1351 372 1760 442 quiescentibus·

575 525 759 591 cuius
806 525 1077 591 dialecto
1122 526 1466 591 nonnullae
1509 526 1733 591 literae
1778 549 1911 591 non
1948 526 2198 607 sileant,

574 648 740 711 quae
783 626 853 691 in
896 627 1062 691 alliis
1107 626 1467 691 efferuntur.
1533 624 1959 706 Quiescentes
1990 637 2203 692 autem

573 725 740 794 istae
782 729 851 793 in
892 728 1217 793 nonnullis
1246 727 1517 792 vocibus
1561 728 1800 794 idcirco
1829 729 2199 810 retinentur,

587 839 658 894 ut
686 831 1026 896 discrimen
1067 829 1323 914 aliquod
1354 828 1774 893 constituatur
1815 829 1981 894 inter
2008 852 2203 895 voces

583 927 1184 1017 alioquin'similiter
1203 951 1468 1015 prorsus
1501 929 1880 1011 enuntiataS,
1911 939 1980 993 ut
2010 953 2205 1016 quum

586 1033 920 1098 scribimus
953 1031 1107 1115 fust
1146 1032 1397 1113 (esset),
1444 1037 1515 1093 ut
1557 1030 1987 1117 distinguatur
2029 1057 2068 1098 a
2092 1033 2209 1116 fict

584 1133 771 1216 (fuit),
817 1133 1160 1218 itidemque
1186 1131 1313 1218 fist
1342 1130 1650 1214 (faceret),
1693 1141 1764 1197 ut
1808 1133 2208 1200 discernatur

585 1257 626 1298 a
648 1235 739 1318 fit
780 1235 1011 1320 (fecit),
1055 1234 1125 1297 in
1164 1233 1396 1319 quibus
1425 1241 1637 1297 tamen
1666 1233 1950 1318 utrisque
1984 1235 2206 1299 eadem

582 1357 846 1421 prorsus
921 1335 1172 1400 auditur
1242 1334 1705 1421 pronuntiatio,
1786 1357 1861 1399 eo
1937 1346 2205 1421 excepto

586 1437 757 1522 quod
808 1438 879 1502 in
914 1436 1069 1521 sust
1119 1445 1182 1501 et
1215 1435 1344 1521 fist
1392 1434 1645 1500 auditur
1697 1443 1885 1500 tonus
1941 1436 2208 1501 circum—

583 1539 810 1621 flexus,
856 1539 1122 1604 aliorum
1161 1559 1316 1601 vero
1346 1537 1629 1619 duorum,
1669 1546 1823 1623 puta
1850 1536 1967 1623 fut
2006 1548 2070 1603 et
2092 1538 2204 1624 fil,

583 1640 802 1706 brevis
848 1649 947 1705 est
987 1639 1452 1726 pronuntiatio,
1510 1638 1682 1725 quod
1724 1637 2069 1704 discrimen
2109 1648 2209 1724 ty-

585 1741 900 1827 pographi
960 1739 1237 1827 imperiti
1301 1762 1433 1804 non
1488 1741 1850 1805 observant.
1941 1740 2210 1808 Subscr-

585 1842 771 1906 viunt
814 1842 1003 1906 etiam
1067 1842 1291 1906 literae
1358 1840 1762 1925 quiescentes
1828 1841 2208 1907 indicandae

587 1942 1038 2029 etymologiae,
1095 1950 1165 2006 ut
1217 1963 1415 2025 quum
1468 1940 1800 2005 scribimus
1847 1944 2060 2026 petiae,
2112 1943 2210 2007 in-

589 2053 762 2109 serta
801 2044 986 2110 litera
1031 2053 1071 2123 t,
1130 2064 1294 2128 quae
1350 2050 1565 2105 tamen
1620 2040 1923 2125 quiescit,
1983 2064 2211 2127 nempe

590 2154 664 2209 ut
692 2145 991 2228 sciamus,
1025 2145 1198 2209 hunc
1237 2165 1569 2207 numerum
1606 2140 1916 2226 pluralem
1942 2165 2074 2206 non
2105 2142 2214 2207 de-

589 2246 739 2312 duci
793 2271 832 2312 a
881 2245 1275 2312 nominativo
1325 2246 1479 2328 peti,
1544 2243 1712 2308 sicut
1766 2242 2034 2307 dicimus
2090 2244 2218 2304 ami

586 2371 850 2415 numero
882 2347 1208 2433 singulari,
1243 2354 1308 2410 et
1328 2366 1592 2409 numero
1620 2343 1852 2429 plurali
1876 2347 2052 2425 amiS,
2097 2344 2214 2410 sed

591 2473 631 2515 a
670 2449 1064 2515 nominativo
1108 2449 1303 2533 petit,
1363 2454 1427 2511 et
1478 2453 1550 2509 ut
1590 2466 1953 2509 moneamur
1993 2445 2217 2511 foemi—

588 2551 809 2615 ninum
863 2549 1252 2615 adiectivum
1311 2570 1444 2612 non
1504 2568 1651 2612 esse
1691 2548 1890 2631 petie,
1957 2547 2126 2612 sicut
2180 2571 2218 2612 a

588 2650 944 2716 masculino
1000 2651 1128 2711 ami
1177 2647 1514 2713 deducitur
1566 2647 1982 2713 foemininum
2039 2651 2214 2729 amie,

592 2751 709 2816 sed
742 2754 958 2836 petite.
1021 2749 1265 2816 Verum
1310 2758 1384 2813 ut
1423 2749 1586 2816 haec
1626 2749 1791 2814 ratio
1834 2749 1905 2814 in
1947 2751 2218 2817 nonnul-

588 2852 671 2918 lis
728 2853 1113 2918 dictionibus
1169 2851 1384 2916 valeat
1450 2852 1659 2938 sitque
1716 2851 2055 2938 diligenter
2107 2854 2219 2917 ob-

592 2956 932 3038 servanda,
1005 2979 1139 3021 non
1203 2963 1420 3020 tamen
1475 2954 1906 3040 consequitur,
1980 2962 2218 3018 tantam

593 3080 739 3124 esse
766 3057 1130 3122 habendam
1163 3056 1589 3143 etymologiae
1617 3055 1947 3136 rationem,
1994 3062 2063 3118 ut
2102 3074 2216 3116 ne-

593 3182 778 3225 cesse
843 3159 928 3224 sit
991 3169 1228 3224 temere
1297 3156 1560 3244 quasvis
1623 3156 1841 3221 literas
1902 3155 1983 3220 ad
2045 3153 2217 3218 illam

595 3260 1040 3325 declarandam
1067 3260 1327 3347 requiri,
1374 3269 1450 3324 ut
1478 3259 1731 3323 interim
1758 3281 1888 3322 non
1918 3253 2219 3321 dissimu—

592 3360 722 3427 lem
771 3362 921 3448 plus
973 3361 1080 3428 hic
1138 3385 1334 3448 saepe
1388 3361 1673 3428 valuisse
1716 3356 2220 3451 infelicissimam
