2634 3992
1025 358 1094 423 M,
1130 374 1200 411 m.
1271 357 1335 422 N,
1380 375 1432 412 n.
1962 357 2043 424 33

418 511 673 595 finiens,
721 512 861 577 sive
902 511 1070 576 intra
1110 511 1323 597 ipsam
1367 510 1745 593 dictionem,
1793 512 1932 578 sive
1975 513 2047 576 in

419 613 646 678 ultima
693 613 1175 693 vocabulorum,
1242 611 1511 699 perinde
1578 634 1842 699 prorsus
1896 635 2045 698 pro·

419 716 748 780 nuntiatur
798 723 868 779 ut
918 737 981 795 n,
1050 715 1127 779 de
1184 736 1311 800 qua
1369 735 1520 779 mox
1575 715 1890 795 dicemus,
1955 713 2048 778 ita

418 816 728 881 videlicet
767 824 840 880 ut
875 838 1004 882 non
1030 816 1221 881 modo
1250 814 1426 879 labia
1451 837 1583 879 non
1612 814 2045 896 occluduntur,

422 916 543 982 sed
598 916 788 982 etiam
844 917 1100 1004 linguae
1153 938 1373 981 mucro
1428 916 1715 982 dentium
1765 916 2049 982 radicem

421 1041 555 1084 non
596 1018 799 1101 feriat,
842 1028 914 1084 ut
969 1018 1273 1104 tempore!
1324 1019 1766 1104 (temporalis),
1821 1018 2050 1106 hymne

431 1118 777 1206 (hymnus),
799 1118 1659 1207 dommage(damnum),dam
1672 1120 2045 1204 (damnum),

426 1245 571 1285 nom
615 1224 923 1306 (nomen),
968 1222 1134 1286 haim
1177 1222 1484 1305 (hamus),
1535 1224 1704 1305 saim
1772 1222 2045 1306 (fames),

426 1331 625 1408 iemps
657 1326 984 1410 (tempus),
1013 1323 1279 1409 perinde
1310 1322 1648 1404 efferenda,
1682 1324 1818 1388 acsi
1848 1324 2050 1410 scrip-

423 1433 564 1490 tum
619 1434 810 1505 esset,
879 1422 1187 1508 tenporel,
1245 1422 1449 1504 hinne,
1505 1422 1843 1511 donmage,
1901 1423 2048 1507 dan,

427 1549 577 1607 non,
622 1524 750 1607 hin,
776 1525 902 1610 fin,
945 1533 1106 1587 tanS.

1038 1676 1344 1750 'Nm

560 1826 746 1893 Haec
815 1849 1065 1914 quoque
1137 1851 1502 1895 consonans
1576 1829 1889 1915 syllabam
1953 1830 2051 1896 in-

431 1928 676 1995 choans
717 1931 1006 1995 nativum
1061 1952 1289 1996 sonum
1338 1931 1607 2014 retinet,
1665 1940 1737 1995 ut
1800 1955 1901 2011 na,
1957 1954 2052 2012 ne,

432 2034 518 2113 ni,
560 2055 667 2114 ηο,
712 2055 826 2115 na,
880 2033 1050 2097 intra
1094 2033 1440 2098 dictionem
1483 2042 1697 2097 autem
1760 2032 1866 2096 vel
1906 2031 2054 2096 ulti-

429 2157 602 2200 mam
683 2133 982 2199 dictionis
1072 2134 1388 2220 syllabam
1457 2133 1777 2219 incipiens
1857 2155 2052 2219 saepe

430 2257 664 2302 sonum
693 2236 1013 2322 quendam
1053 2235 1184 2301 edit
1219 2234 1480 2300 mollem
1514 2233 1873 2313 admodum,
1917 2241 2055 2298 tum

429 2336 772 2419 Hebraeis,
828 2346 965 2403 tum
1017 2335 1321 2419 Graecis,
1365 2346 1504 2401 tum
1546 2329 1742 2400 etiam
1780 2332 2055 2399 fortasse

430 2436 684 2504 Latinis
735 2438 1049 2523 ignotum,
1106 2438 1399 2525 quamvis
1455 2436 1640 2502 Italis
1696 2457 1949 2522 quoque
1994 2443 2058 2500 et

433 2535 753 2623 Hispanis
806 2540 1210 2622 familiarem,
1281 2562 1475 2627 quem
1523 2537 1621 2603 illi
1676 2536 1934 2624 quidem
1988 2545 2059 2601 ut

438 2647 509 2702 et
569 2637 804 2703 Franci
852 2664 968 2727 per
1003 2666 1127 2729 gn,
1165 2642 1277 2708 isti
1319 2663 1473 2707 vero
1517 2662 1635 2726 per
1677 2662 1719 2702 n
1765 2637 2055 2724 superin-

437 2739 633 2803 ducta
664 2738 903 2804 lineola
931 2741 1251 2828 signatum
1280 2743 1584 2824 scribunt,
1628 2741 1752 2807 hoc
1794 2739 2055 2806 charac-

437 2848 574 2905 tere
624 2839 930 2906 videlicet
994 2852 1059 2921 ἡ,
1114 2852 1185 2907 ut
1226 2850 1373 2908 ante
1419 2865 1490 2905 a:
1528 2865 1781 2929 gog-na,
1828 2851 1975 2906 ante
2023 2862 2058 2904 e

438 2941 754 3007 clausum:
795 2963 1066 3028 gagner‚
1111 2951 1257 3008 ante
1299 2966 1334 3007 e
1360 2943 1777 3009 foemineum:
1838 2963 2055 3027 rogae,

435 3052 587 3129 post
638 3044 687 3107 i:
751 3044 1023 3130 ignorer,
1080 3046 1389 3129 guigner,
1458 3052 1603 3108 ante
1660 3067 1729 3106 o:
1793 3063 2059 3128 rognon,

437 3153 587 3209 ante
629 3167 739 3208 eu:
773 3144 1116 3233 gaigneur,
1165 3167 1327 3230 quae
1356 3142 1790 3229 pronuntiatio
1837 3141 2061 3207 eadem

435 3267 604 3331 pene
648 3256 765 3329 est,
812 3254 1000 3333 atque
1046 3246 1103 3313 si
1144 3245 1304 3311 haec
1355 3246 1449 3311 ita
1500 3244 1743 3311 scribas
1805 3255 1870 3312 et
1913 3267 2061 3333 pro-

439 3347 694 3415 nunties
728 3356 800 3414 ut
834 3348 1214 3435 dissyllaba:
1243 3350 1470 3437 gania,
1503 3348 1750 3435 ganier,
1785 3349 2062 3435 guinier‚

1725 3451 1758 3503 3
