2634 3992
1200 336 1261 390 Ε.
1973 338 2056 401 67

561 487 683 554 ΙΠ.
751 487 1052 570 Quiescit
1113 498 1419 576 sequente
1464 511 1504 551 a
1547 489 1652 555 vel
1707 513 1743 552 o
1795 499 1945 576 post
1979 513 2052 577 g,

434 598 503 653 ut
534 611 808 677 mangea
845 590 1332 671 (manducavit),
1374 613 1594 679 gagen
1642 590 1899 677 (pignus
1945 592 2056 658 de-

432 690 699 777 posuit),
743 686 985 778 flageol
1016 692 1327 771 (calamus
1358 692 1679 778 agrestis),
1724 693 1794 756 in
1825 694 2058 778 quibus

434 791 699 856 vocibus
757 790 1054 855 scribitur
1108 813 1159 874 e,
1213 816 1346 858 non
1388 802 1459 858 ut
1500 792 1884 880 proferatur,
1940 795 2053 859 sed

432 900 503 956 ut
556 890 852 956 ostendat
897 915 950 980 g
990 893 1060 957 in
1103 892 1233 960 illis
1275 916 1408 958 non
1448 894 1726 959 retinere
1767 893 2055 960 nativum

434 1014 620 1058 suum
677 1014 904 1058 sonum
967 1004 1113 1059 ante
1166 1017 1205 1057 a
1252 1004 1315 1060 et
1361 1018 1417 1077 o,
1478 995 1593 1060 sed
1635 995 2054 1081 pronuntian-

433 1094 579 1159 dum
624 1115 767 1160 esse
811 1104 880 1158 ut
906 1094 947 1177 j
989 1106 1468 1162 consonantem.

553 1195 668 1261 IV.
736 1194 1034 1277 Quiescit
1087 1198 1510 1282 praecedente
1554 1222 1587 1261 c
1633 1207 1698 1264 et
1741 1207 2052 1284 sequente

429 1320 496 1381 a,
580 1308 652 1363 ut
736 1319 1125 1362 commencea
1200 1297 1557 1385 (incepit),
1640 1298 1746 1363 vel
1829 1300 1895 1379 ὃ,
1982 1307 2055 1361 ut

428 1419 892 1463 commenceons
950 1396 1415 1482 (incipiamus),
1461 1399 1572 1463 ubi
1614 1420 1836 1464 rursus
1893 1396 2052 1463 scri-

426 1502 596 1567 bitur
656 1523 708 1582 e,
757 1508 827 1564 ut
873 1497 1191 1583 significet
1231 1497 1483 1562 literam
1526 1522 1559 1561 c
1600 1521 1733 1564 non
1775 1498 2051 1564 retinere

429 1624 611 1668 suum
665 1594 956 1689 natiyum
1017 1618 1246 1662 sonum
1301 1607 1451 1664 ante
1503 1622 1544 1662 a
1611 1608 1674 1664 et
1717 1621 1752 1662 o
1807 1599 1878 1663 in
1918 1597 2053 1664 illis

427 1700 813 1767 dictionibus
835 1748 852 1781 ,
900 1698 1085 1784 quasi
1120 1697 1426 1786 scriptum
1456 1710 1630 1766 esset
1672 1699 2048 1783 commenka,

428 1800 881 1880 commulcens,
956 1800 1071 1865 sed
1143 1801 1543 1887 pronuntiari
1615 1825 1733 1890 per
1814 1801 2053 1889 duplex

428 1924 481 1985 8,
529 1902 719 1968 sicuti
763 1900 1039 1967 diximus
1083 1901 1153 1966 in
1196 1926 1229 1965 c
1270 1903 1483 1987 litera,
1529 1914 1601 1969 ut
1643 1903 1699 1970 si
1744 1903 2050 1990 scriptum

428 2005 513 2070 sit
555 2022 947 2068 commen-ssa
994 2012 1060 2068 et
1101 2025 1589 2071 commen-soom.

551 2104 630 2172 V.
699 2103 1000 2187 Quiescit
1045 2126 1239 2191 saepe
1281 2104 1353 2170 in
1398 2105 1791 2220 diphthongo
1837 2128 1933 2187 eu,
1979 2106 2049 2171 in

426 2231 551 2295 qua
578 2207 832 2276 auditur
876 2214 1122 2273 tantum
1164 2229 1226 2272 u.
1291 2204 1509 2273 Huius
1550 2206 1644 2273 rei
1688 2156 2051 2293 exemplum

421 2308 729 2377 habemus
801 2307 1042 2394 duplex
1096 2306 1167 2371 in
1218 2304 1342 2374 hac
1393 2329 1555 2374 voce
1609 2306 1913 2388 heureux,
1978 2304 2051 2370 in

425 2409 606 2476 cuius
654 2409 868 2496 priore
918 2393 1170 2495 syllaba
1199 2405 1376 2475 Galli
1415 2416 1590 2473 recte
1634 2405 2051 2495 pronuntian-

422 2519 522 2576 tes
591 2510 886 2575 omittunt
938 2510 1186 2576 literam
1243 2532 1295 2592 e,
1358 2509 1541 2595 quasi
1593 2507 1900 2596 scriptum
1965 2505 2054 2572 sit

421 2609 679 2694 hur-eux,
744 2611 813 2676 in
867 2612 1221 2698 posteriore
1262 2634 1419 2679 vero
1460 2619 1662 2678 totam
1707 2607 2051 2696 diphthon-

424 2735 575 2798 gum
640 2720 902 2794 sonant,
972 2713 1262 2798 quamvis
1315 2713 1479 2780 haec
1531 2735 1662 2779 vox
1718 2711 1955 2777 oriatur
2007 2732 2051 2775 a

420 2811 865 2898 monosyllaba
890 2812 1169 2881 dictione
1185 2814 1358 2899 hear,
1381 2815 1452 2880 in
1475 2836 1602 2902 qua
1613 2811 2046 2899 diphthongus

421 2936 498 2979 eu
555 2923 691 2980 tota
746 2913 1020 2979 auditur.
1104 2914 1351 2982 Locum
1394 2924 1606 2981 autem
1646 2912 1842 2978 habet
1882 2909 2048 2977 haec

417 3015 642 3103 regula
698 3016 841 3081 sine
898 3016 1276 3103 exceptione
1324 3017 1393 3082 in
1434 3011 1796 3103 participiis
1840 3010 2047 3078 omni·

419 3117 540 3197 bus
592 3115 879 3205 passivis
920 3115 1044 3182 hac
1090 3116 1487 3204 diphthongo
1529 3111 1921 3193 terminatis,
1974 3120 2049 3175 ut

422 3238 498 3280 eu
528 3217 887 3302 (habitum),
920 3239 1069 3283 sceu
1101 3218 1407 3303 (scitum),
1439 3240 1620 3283 recen
1645 3213 2043 3301 (receptum),

423 3338 537 3383 veu
571 3321 832 3404 (visum)
883 3328 948 3386 et
986 3318 1328 3404 similibus,
1377 3320 1560 3408 quasi
1605 3315 1917 3403 scriptum
1960 3314 2050 3380 sit

1670 3423 1700 3474 ⁵
1717 3417 1743 3444 Ἰ
