2634 3992
1067 403 1105 467 I,
1143 405 1176 465 i,
1209 404 1246 472 j.
1289 402 1349 467 O,
1389 419 1435 460 ο.
1975 406 2053 468 17

1141 607 1194 680 Ι
1233 607 1267 680 ἰ’
1297 608 1359 704 j.

561 759 746 826 Haec
788 759 976 823 litera
1030 766 1100 823 ut
1157 759 1329 845 apud
1379 757 1715 823 Hebraeos
1774 767 1838 823 et
1877 758 2057 824 Lati·

434 884 574 942 nos,
622 860 717 925 sic
761 859 929 945 apud
948 859 1234 924 Francos
1278 859 1600 924 interdum
1643 859 1888 924 vocalis
1935 868 2050 942 est,

435 962 752 1027 interdum
793 982 1183 1042 consonans»,
1231 960 1520 1045 quamvis
1563 960 1743 1025 illam
1771 959 2055 1026 Hebraei

439 1070 584 1128 ante
625 1070 879 1147 reperta
918 1072 1159 1147 puncta·
1202 1084 1365 1147 quae
1409 1071 1669 1144 vocant,
1714 1085 1845 1127 non
1889 1063 2055 1128 inter

434 1164 712 1245 vocales,
761 1163 875 1228 sed
917 1163 1084 1227 inter
1117 1162 1438 1249 palatinas
1470 1173 1894 1230 consonantes
1923 1187 2055 1229 non

433 1274 671 1332 temere
715 1262 1175 1329 recensuerint.
1263 1261 1601 1329 Caeterum
1653 1286 1843 1348 quum
1895 1266 2056 1332 haec

436 1368 622 1433 litera
647 1364 893 1431 vocalis
926 1372 1042 1444 est,
1083 1363 1370 1427 nativum
1410 1364 1589 1427 illum
1614 1367 2055 1431 tenuissimum

439 1489 664 1533 sonum
748 1464 986 1528 retinet
1055 1462 1326 1527 caeteris
1413 1464 1649 1548 linguis
1734 1465 2055 1533 usitatum.

435 1567 654 1649 Quum
683 1572 895 1631 autem
925 1569 1024 1627 est
1052 1583 1432 1646 consonam,
1469 1565 1638 1630 idem
1665 1567 1838 1630 valet
1866 1576 2055 1651 atque

432 1693 486 1756 g
525 1687 700 1733 nunc
753 1665 918 1731 solet
966 1663 1038 1726 in
1091 1661 1343 1729 Latinis
1387 1666 1530 1731 istis
1574 1668 1840 1734 vocibus
1883 1668 2054 1755 lege

441 1776 506 1833 et
524 1768 598 1832 le
613 1767 686 1852 gi
710 1767 806 1851 (et
818 1763 1070 1850 quidem
1082 1762 1346 1852 vitiose)
1369 1768 1782 1855 pronuntiari.
1826 1770 2053 1857 Neque

439 1869 593 1933 mihi
638 1868 935 1954 displicet
978 1890 1195 1933 eorum
1245 1880 1670 1936 commentum
1722 1872 1834 1957 qui
1887 1873 2054 1939 hanc

439 1978 894 2036 consonantem
938 1993 978 2034 a
1019 1970 1254 2052 vocali,
1307 1970 1608 2037 inferiore
1651 1972 1824 2039 illius
1872 1983 2052 2060 parte

434 2073 748 2160 producta
777 2079 840 2136 et
865 2072 1035 2138 hami
1068 2073 1270 2138 instar
1296 2094 1581 2155 recurva,
1632 2074 2050 2161 distinguunt,

432 2175 526 2240 sic
577 2173 874 2238 nimirum
919 2174 1111 2238 ‘illam
1171 2183 1627 2240 consonantem
1692 2175 2050 2261 pingenteS‚

414 2275 515 2361 ja,
531 2276 623 2362 je,
645 2276 726 2363 ji,
751 2275 851 2362 jc,
876 2274 979 2361 ju.

1154 2426 1234 2516 O,
1275 2452 1341 2501 0.

498 2620 515 2637 0
559 2577 745 2642 Haec
807 2579 1052 2644 vocalis
1117 2578 1189 2642 in
1251 2577 1398 2663 ipsa
1473 2577 1669 2663 palati
1732 2579 2053 2645 testudine

438 2677 624 2763 quasi
665 2677 823 2743 echo
868 2678 1178 2763 quaedam
1216 2688 1493 2761 resonat,
1539 2679 1750 2746 minus
1797 2680 2053 2769 quidem

440 2779 609 2844 clare
653 2800 842 2863 quam
884 2800 945 2853 a,
987 2801 1119 2843 non
1158 2787 1375 2845 tamen
1415 2780 1509 2843 ita
1552 2781 1819 2848 obscure
1862 2791 1934 2846 ut
1971 2806 2052 2845 οιι

436 2879 898 2966 diphthongus,
954 2901 1081 2963 qua
1118 2879 1188 2943 in
1228 2903 1298 2946 re
1343 2903 1383 2946 a
1423 2880 1934 2949 Bituricensibus
1991 2891 2055 2949 et

431 2978 973 3067 Lugdunensibus
1027 2980 1296 3065 aliisque
1348 3004 1480 3046 non
1520 2983 1744 3067 paucis
1793 2983 2053 3069 populis

433 3089 766 3168 peccatur,
843 3081 953 3166 qui
1015 3103 1133 3168 pro
1200 3090 1414 3146 nostre
1479 3081 1776 3168 (noster),
1846 3093 2056 3147 vostre

437 3183 731 3268 (vester),
764 3181 824 3247 le
854 3181 970 3247 dos
1003 3182 1321 3268 (dorsum)
1344 3182 1757 3268 pronuntiant
1780 3192 2052 3267 neustr-e,

435 3294 705 3360 voustre,
764 3283 825 3349 le
877 3283 1060 3351 dous.
1156 3282 1487 3365 Quasdam
1539 3293 1750 3351 tamen
1812 3286 2053 3352 similes

436 3407 627 3454 voces
671 3408 827 3453 usus
872 3385 1146 3452 obtinuit
1181 3393 1253 3450 ut
1277 3386 1371 3451 ita
1396 3385 1810 3472 proferamus,
1853 3386 2055 3453 veluti

1720 3494 1750 3542 2
