2634 3992
532 369 619 433 86
1146 360 1222 413 De
1261 357 1581 412 accentibus.

544 526 789 599 nature,
859 517 1120 596 vailate,
1161 514 1451 598 fortune,
1510 528 1830 596 personne
1908 504 2176 570 eandem

546 618 918 706 corripiunt.
1009 615 1262 702 Operae
1316 610 1595 699 pretium
1652 607 1844 675 etiam
1885 605 2173 687 fecerint,

539 722 603 787 si
646 721 771 786 hoc
814 712 1067 806 quoque
1117 715 1455 801 diligenter
1497 709 1931 790 observarint,
1976 706 2177 773 maxi-

546 847 715 889 mum
758 844 903 888 esse
931 821 1001 884 in
1030 816 1344 884 Francica
1370 812 1593 897 lingua
1634 809 1861 874 vitium
1905 808 2181 895 penulti-

550 948 719 990 mam
759 932 990 987 natura
1032 921 1292 986 brevem
1333 914 1686 1001 producere
1699 959 1720 992 ‚
1775 919 2182 996 quotcunque

548 1033 620 1090 ct
685 1043 1100 1109 quaecunque
1168 1019 1598 1083 consonantes
1662 1011 1838 1076 illius
1904 1033 2185 1098 pronun-

552 1126 888 1191 tiationem
973 1127 1386 1187 remorentur.
1514 1114 1626 1182 Sic
1705 1113 1774 1177 in
1863 1110 2185 1187 des-ordre,

550 1225 870 1306 feletthe,
959 1218 1282 1293 discorde,
1372 1214 1795 1296 misericorde,
1877 1209 2188 1292 nobles-se,

547 1348 848 1414 petresse,
922 1320 1206 1402 αόοντῖεν,
1292 1320 1622 1399 endormir,
1698 1322 2017 1401 apporta,
2082 1334 2192 1376 en-

560 1429 790 1503 horler,
871 1426 1157 1491 exhorter
1241 1437 1306 1487 et
1383 1418 1655 1484 infinitis
1732 1416 1875 1481 aliis
1964 1412 2191 1501 penul-

556 1533 754 1596 timae
806 1527 1128 1615 positione
1180 1523 1414 1607 longae
1471 1527 1699 1584 natura
1737 1526 1951 1582 tamen
1996 1513 2192 1579 corri-

562 1633 841 1719 piuntur.
911 1626 1022 1693 Sic
1053 1625 1244 1690 ctiam
1269 1623 1503 1687 breves
1530 1619 1781 1706 priores
1825 1617 1896 1682 in
1938 1637 2193 1695 comme,

561 1729 878 1812 sommeil,
981 1726 1242 1798 dormit,
1330 1731 1546 1807 porte,
1638 1718 1875 1800 bonne,
1967 1716 2194 1795 donne,

566 1833 725 1898 helle
762 1850 1087 1914 nunquam
1124 1823 1254 1889 nisi
1290 1821 1713 1887 vitiosissime
1741 1816 2197 1905 producuntur,

565 1957 654 2000 ne
695 1933 765 1998 in
809 1929 1025 1996 metris
1071 1925 1352 2012 quidem:
1402 1943 1529 2007 qua
1569 1918 1639 1983 in
1681 1940 1752 1983 re
1797 1915 2078 2002 graviter
2121 1913 2201 1978 ab

571 2036 658 2101 iis
713 2031 972 2120 peccari
1024 2028 1211 2093 video
1259 2022 1368 2109 qui
1411 2018 1761 2085 Francicos
1804 2036 2033 2081 versus
2076 2035 2208 2077 non

570 2143 824 2201 tantum
854 2131 1240 2218 syllabarum
1263 2144 1526 2189 numero
1561 2129 1627 2184 et
1650 2105 2205 2195 ὃμοιοτελεύτοις,

572 2221 745 2322 quae
765 2232 1092 2319 rhythmos
1121 2246 1447 2303 vocamus,
1482 2218 1837 2295 aestimant,
1871 2212 1987 2278 sed
2016 2209 2210 2275 etiam

579 2337 856 2425 pedibus
902 2332 1297 2399 Graecorum
1342 2331 1406 2388 et
1445 2319 1819 2387 Latinorum
1861 2334 2036 2378 more
2077 2331 2212 2374 me-

578 2440 854 2518 tiuntur,
905 2433 1112 2499 audax
1149 2436 1212 2493 et
1239 2423 1456 2490 nobile
1489 2429 1659 2486 certe
1689 2417 2020 2480 inventum
2034 2462 2051 2493 ‚
2098 2409 2214 2476 sed

583 2539 758 2626 quod
820 2534 1095 2601 maxima
1162 2524 1535 2591 difficultate
1596 2538 1729 2583 non
1795 2522 1997 2593 caret,
2080 2518 2215 2574 tum

585 2648 850 2727 propter
886 2635 1220 2716 longarum
1250 2623 1638 2710 syllabarum
1678 2614 2011 2703 penuriam
2024 2662 2040 2693 ,
2084 2618 2219 2673 tum

587 2738 792 2827 quod,
835 2744 904 2800 ut
929 2730 1115 2797 modo
1148 2725 1280 2792 dixi
1293 2775 1310 2807 ,
1356 2725 1426 2788 in
1453 2719 1768 2787 Francica
1795 2709 2223 2803 Πηςᾳρῃξηῌα

588 2837 833 2929 positio
840 2829 1262 2925 penultimam
1269 2834 1504 2897 natura
1513 2824 1776 2889 brevem
1793 2816 1935 2883 sine
1947 2810 2225 2886 maxima

594 2926 1240 3023 aufirumffoffensione
1281 2923 1596 3014 producit.
1683 2918 1833 2985 Etsi
1884 2935 2039 2982 vero
2081 2911 2227 2975 bre-

597 3029 774 3113 vium
813 3047 879 3104 et
904 3037 1240 3120 longarum
1268 3026 1612 3093 discrimen
1640 3043 1765 3088 usu
1792 3017 2008 3105 potius
2039 3030 2228 3097 quam

600 3153 739 3211 arte
806 3139 1103 3216 discitur,
1167 3143 1381 3197 tamen
1443 3145 1685 3212 paucas
1748 3121 1909 3186 istas
1972 3108 2229 3196 regulas

600 3245 764 3312 mihi
820 3238 1011 3306 libuit
1059 3236 1130 3299 in
1181 3228 1658 3318 peregrinorum
1710 3217 1979 3307 gratiam
2035 3234 2075 3275 a
2125 3229 2233 3272 me

606 3347 985 3410 observatas
1032 3334 1368 3403 subiicere.
