2634 3992
605 351 689 415 34
1148 354 1224 408 De
1259 359 1691 416 consonantibus,

603 507 846 587 ronion‚
876 508 1150 593 ganieur
1193 518 1257 575 et
1289 511 1535 592 iniorer,
1585 513 2005 600 trisyllabum.
2047 517 2227 585 Hinc

599 604 839 671 factum
888 616 960 672 ut
1008 610 1300 675 nonnulli
1363 621 1510 678 ante
1580 637 1660 678 on
1722 615 1793 679 in
1858 616 2226 685 huiusmodi

599 709 869 775 vocibus
912 712 938 771 i
976 712 1314 797 quiescens
1344 714 1651 798 inserant,
1703 717 1875 802 quod
1919 740 2038 803 ego
2084 720 2226 805 qui-

602 809 749 874 dem
787 834 919 876 non
960 814 1190 898 probe,
1247 837 1442 900 quum
1493 818 1710 903 potius
1766 819 1822 883 si
1878 821 2225 886 occurrerit

600 910 685 975 sit
747 915 1255 999 expungendum.
1360 915 1472 983 Sic
1528 918 1699 983 enim
1754 942 1794 984 a
1852 921 2221 988 nominibus

600 1014 755 1092 coin,
831 1019 1089 1081 tesmoin
1152 1026 1217 1083 et
1281 1017 1494 1084 besoin
1557 1020 1954 1086 deducuntur
2024 1022 2224 1089 verba

597 1137 849 1201 cogner,
873 1125 1228 1206 tesmogner
1251 1129 1314 1185 et
1336 1119 1644 1208 besogner
1655 1169 1673 1201 ,
1722 1144 1885 1208 quae
1906 1123 2220 1205 nonnulli,

593 1215 927 1285 interiecto
993 1221 1191 1286 altero
1257 1246 1321 1303 n,
1380 1222 1667 1288 scribunt
1721 1245 2001 1311 congner
2017 1274 2035 1307 ,
2096 1232 2220 1287 tes-

595 1340 916 1408 mongner,
983 1320 1350 1411 besongner.
1464 1323 1693 1409 Neque
1758 1347 1913 1390 sane
1976 1333 2220 1391 temere

592 1420 662 1487 id
701 1420 960 1508 faciunt,
1015 1449 1211 1512 quum
1255 1426 1633 1513 saepissime
1679 1426 1775 1493 sic
1816 1426 2222 1513 geminentur

591 1545 684 1605 m,
747 1535 817 1590 ut
863 1550 980 1613 pro
1032 1527 1212 1592 home
1277 1528 1519 1613 (homo)
1586 1549 1746 1594 usus
1812 1528 2088 1594 obtinuit
2146 1535 2219 1592 ut

593 1627 904 1691 scribatur
947 1644 1011 1694 et
1049 1633 1495 1716 pronuntietur
1550 1631 1809 1712 homme,
1866 1639 1930 1695 et
1972 1653 2012 1690 n
2056 1652 2217 1715 quo-

590 1749 713 1812 que
766 1728 834 1792 in
896 1727 1115 1808 bonne,
1167 1753 1415 1813 sonner,
1467 1733 1770 1815 honneur,
1829 1731 2130 1795 honneste
2173 1753 2216 1796 a

585 1827 836 1895 Latinis
859 1832 1126 1898 vocibus
1156 1835 1384 1916 bona,
1418 1856 1734 1914 sonare,
1766 1832 2043 1913 honor,
2075 1831 2213 1897 ho-

586 1940 891 2014 nestas,
936 1933 1090 2000 licet
1129 1936 1415 2002 dicamus
1446 1936 1723 2022 simplici
1753 1959 1794 1997 n
1834 1934 2104 1996 honor-er
2147 1941 2213 1998 et

584 2028 941 2116 honor-able,
988 2038 1066 2103 ab
1111 2036 1497 2104 honorare
1559 2047 1623 2103 et
1683 2034 2207 2102 honorabilis.

585 2132 696 2202 Sic
725 2135 917 2201 etiam
945 2138 1049 2202 vel
1072 2162 1127 2226 g
1157 2148 1475 2226 expuncto
1522 2138 1931 2205 scribendum
1974 2144 2076 2202 est
2102 2158 2210 2207 ‹to-2

585 2237 819 2300 noistre
862 2245 925 2302 et
963 2241 1391 2324 concissam-e,
1429 2241 1536 2307 vel
1576 2241 1646 2304 in
1679 2263 1719 2303 n
1751 2246 2011 2320 mutato,
2058 2260 2209 2300 con-

578 2340 816 2403 noz'stre
857 2334 923 2405 e't
973 2345 1451 2425 connoissance,
1512 2364 1630 2429 pro
1684 2340 1915 2427 quibus
1968 2338 2207 2404 vitiose

578 2443 776 2509 scribi
799 2443 965 2509 solet
984 2445 1344 2529 cogneislre
1365 2453 1429 2511 et
1451 2445 1924 2532 cognoissance.
1968 2437 2206 2507 Cuius-

576 2547 751 2612 modi
805 2570 846 2608 n
899 2545 1182 2613 Hebraei
1247 2570 1379 2612 non
1444 2547 1800 2613 scriberent
1853 2544 2199 2631 geminum,

579 2649 695 2714 sed
734 2672 849 2735 per
893 2649 1133 2736 daghes
1160 2649 1325 2715 forte
1357 2649 1529 2735 quod
1558 2655 1811 2729 vocant,
1858 2647 2198 2734 aptissimo

577 2751 955 2836 compendio
993 2760 1313 2833 notarent,
1374 2751 1555 2816 cuius
1603 2748 1965 2835 exemplum
2005 2747 2198 2814 nobis

576 2852 1300 2918 accommodatissimum
1319 2860 1543 2918 nostra
1564 2851 1724 2916 haec
1745 2851 2061 2916 Francica
2071 2849 2198 2914 lin-

574 2976 703 3040 gua
744 2953 1111 3040 suppeditat
1149 2953 1219 3018 in
1262 2953 1537 3019 diversis
1580 2951 1988 3033 dictionibus,
2035 2973 2195 3037 qua·-

570 3079 712 3120 rum
732 3055 906 3142 prior
932 3055 1004 3120 in
1030 3077 1071 3117 n
1094 3055 1356 3139 desinit,
1382 3054 1703 3141 posterior
1723 3075 1876 3120 vero
1898 3053 2131 3140 incipit
2152 3076 2195 3119 a

572 3157 808 3238 vocali3
869 3156 1144 3242 exempli
1199 3157 1409 3242 gratia
1471 3155 1786 3221 Francice
1852 3155 1949 3220 sic
2013 3162 2193 3220 recte

571 3258 938 3346 scripseris:
993 3260 1202 3321 Pierre
1242 3258 1374 3321 s’en
1419 3264 1517 3321 est
1556 3256 1702 3336 alle,
1759 3257 1931 3341 quod
1969 3265 2191 3321 tamen

567 3358 665 3425 sic
731 3358 1118 3424 efferendum
1179 3368 1304 3424 est:
1377 3356 1592 3421 Pierre
1643 3359 1775 3420 s’en
1838 3365 1980 3421 nest
2042 3355 2188 3422 alle.
