2634 3992
578 348 660 411 60
1151 346 1226 399 De
1264 346 1635 416 triphthongiS.

1307 548 1474 626 Oui.

709 699 918 768 Scribi
963 700 1172 764 solent
1211 700 1333 766 hae
1378 709 1510 765 tres
1552 701 1812 766 vocales
1840 701 1909 766 in
1942 700 2201 787 quibus-

577 802 722 867 dam
787 802 1172 866 dictionibus
1227 810 1375 866 ante
1420 800 1467 863 ll
1502 802 1719 884 molle,
1777 803 2049 888 ideoque
2092 801 2203 865 tri-

573 903 967 990 phthongum
1009 925 1140 967 non
1186 902 1599 983 constituunt,
1646 927 1840 989 quum
1884 908 1909 966 i
1944 927 2075 969 non
2119 903 2206 968 sit

576 1004 828 1068 adiecta
868 1011 939 1066 ut
979 1003 1450 1088 pronuntietur,
1518 1004 1635 1068 sed
1676 1015 1748 1068 ut
1799 1006 2055 1070 mollem
2099 1026 2202 1068 so-

570 1127 725 1167 num
766 1102 943 1166 illum
989 1103 1264 1187 duplicis
1309 1104 1356 1166 ll
1396 1104 1733 1190 significet,
1788 1114 1860 1168 ut
1919 1103 2204 1167 mouiller

579 1204 1048 1287 (madefacere),
1094 1207 1317 1269 maille
1349 1206 1660 1293 (aerugo),
1705 1228 1831 1292 qua
1860 1204 2050 1270 etiam
2099 1226 2202 1268 ra—

577 1305 771 1385 tione,
824 1328 1053 1390 nempe
1103 1316 1167 1370 et
1197 1308 1327 1371 situ
1370 1315 1434 1372 et
1459 1307 1993 1393 pronuntiatione,
2037 1305 2201 1369 haec

584 1406 832 1491 syllaba
876 1406 1083 1471 differt
1114 1409 1192 1474 ab
1241 1413 1350 1472 oui
1390 1409 1760 1495 dissyllabo,
1805 1418 1878 1472 ut
1923 1409 2031 1469 oui
2080 1405 2203 1489 (ita

578 1517 643 1572 et
688 1506 997 1591 auditus),
1047 1514 1207 1573 iouir
1252 1510 1457 1594 (frui),
1516 1512 1747 1574 esiouir
1791 1496 2077 1593 (laetari)
2138 1515 2202 1571 et

578 1609 826 1673 similia.

1312 1763 1485 1839 Oeu.

700 1912 914 1977 Huius
957 1913 1354 2000 triphthongi
1395 1925 1467 1978 ut
1511 1924 1576 1979 et
1619 1916 1883 1980 duarum
1929 1937 2200 1998 sequen·

572 2013 729 2076 tium
771 2036 929 2078 usus
963 2015 1154 2100 plane
1189 2017 1404 2080 nullus
1441 2025 1541 2080 est
1568 2016 1637 2079 in
1662 2015 2197 2101 pronuntiatione,

575 2137 736 2201 quae
763 2122 975 2180 tamen
1002 2118 1378 2202 peregrinos
1410 2125 1704 2202 torquere
1733 2115 1961 2200 possit.
2034 2113 2199 2177 Nam

576 2215 911 2281 scribimus
938 2217 1194 2302 quidem
1221 2241 1448 2280 oeuvre
1470 2216 1710 2302 (opus),
1726 2238 1884 2277 veen
1899 2212 2195 2299 (votum),

576 2318 740 2398 oeus
782 2317 1046 2400 (ovum),
1111 2318 1206 2382 sic
1249 2319 1438 2383 etiam
1483 2317 1688 2382 adhuc
1717 2315 2010 2380 nonnulli
2040 2315 2196 2380 scri-

573 2419 732 2483 bunt
774 2417 975 2503 boens
1012 2419 1216 2503 (bos),
1258 2422 1328 2484 in
1373 2420 1601 2505 quibus
1648 2427 1859 2481 tamen
1903 2417 2196 2482 omnibus

576 2541 610 2580 o
642 2519 906 2603 penitus
939 2520 1228 2604 quiescit.
1278 2520 1764 2586 Pronuntiamus
1796 2518 1965 2582 enim
1988 2541 2198 2598 euvre,

573 2642 710 2695 veu,
755 2623 881 2702 eus,
911 2618 1082 2703 heus}
1110 2643 1319 2706 neque
1346 2620 1534 2685 video
1560 2642 1671 2685 cur
1715 2642 1750 2681 ο
1778 2619 2195 2702 adscribatur,

567 2718 698 2782 nisi
726 2717 1000 2784 fortasse
1030 2729 1291 2806 propter
1330 2721 1596 2786 Latinas
1641 2743 1836 2786 voces
1879 2744 1919 2784 a
1964 2722 2195 2807 quibus

571 2818 984 2901 deducuntur,
1035 2843 1265 2907 nempe
1325 2846 1547 2909 opus,
1595 2831 1889 2903 votum,
1937 2846 2192 2904 ovum,

568 2921 609 2984 b
624 2942 661 2983 o
676 2941 706 2983 s
727 2970 743 3001 ,
773 2920 878 2984 vel
894 2922 1189 3005 quoniam
1209 2925 1278 2988 in
1298 2924 1521 2989 horum
1537 2924 1840 2989 derivatis
1868 2948 1902 2986 e
1922 2932 2196 2987 mutatur

569 3021 640 3084 in
673 3044 732 3102 0,
765 3029 837 3084 ut
861 3027 1105 3086 ouvrier
1134 3026 1550 3111 (operarius),
1580 3048 1727 3088 over
1757 3025 1913 3109 (ova
1938 3023 2192 3110 parere)

567 3145 684 3208 per
728 3144 765 3183 v
825 3145 1225 3207 consonanS,
1274 3125 1529 3190 bouvier
1573 3126 1964 3210 (bubulcus).
2062 3123 2193 3190 Sed

565 3234 795 3289 neutra
832 3226 994 3291 haec
1034 3227 1196 3292 ratio
1240 3228 1431 3292 ullius
1475 3239 1575 3292 est
1601 3226 1935 3306 momenti,
1979 3248 2190 3311 neque

572 3346 830 3390 causam
874 3327 1108 3392 iustam
1153 3328 1342 3393 huius
1388 3329 1761 3394 scribendae
1798 3326 2193 3412 triphthongi
