2634 3992
1074 354 1128 419 S,
1164 373 1208 411 s,
1279 355 1337 418 Τ,
1374 358 1412 409 t.
1974 350 2057 417 39

432 511 613 578 Idem
654 509 1076 590 statuendum,
1123 507 1373 593 quoties
1399 507 1565 572 inter
1601 516 2056 573 consonantem

436 621 501 679 et
550 613 843 679 vocalem
893 609 1340 676 adhaerentem
1394 608 1691 689 occurrit,
1743 617 1816 673 ut
1868 611 2052 692 ainsi,

435 715 652 793 transi,
698 711 1175 799 apprehension.
1254 709 1480 796 Itaque
1522 731 1857 795 perperam
1897 732 2058 775 non·

436 814 597 879 nulli
628 816 874 900 prinse,
918 815 1331 904 enfreprinse‚
1358 813 1631 898 prin-son
1677 811 1964 877 scribunt
1997 820 2065 877 et

439 915 869 1001 pronuntiant.
942 912 1196 996 Quibus
1242 922 1456 980 autem
1496 914 1569 978 in
1598 913 1864 1000 syllabis
1895 937 2058 1001 quae

439 1015 726 1101 pluribus
771 1015 1268 1083 consonantibus
1312 1023 1628 1098 constant,
1671 1015 1833 1083 haec
1874 1016 2061 1082 litera

442 1116 647 1199 sileat,
692 1139 808 1184 suo
851 1117 996 1185 loco
1043 1118 1346 1185 dicemus.

1170 1269 1335 1344 Tt.

570 1422 757 1490 Haec
799 1444 1162 1488 consonans
1190 1412 1507 1506 'syllabam
1547 1421 1876 1503 inchoans,
1922 1422 2060 1488 sive

440 1523 584 1590 sola
623 1532 693 1588 ut
737 1532 819 1597 ta,
865 1531 942 1602 te,
984 1524 1046 1601 ti,
1092 1532 1173 1601 tc,
1220 1529 1315 1603 tu,
1375 1522 1511 1587 sive
1566 1544 1709 1587 cum
1751 1545 1784 1584 r
1834 1532 1905 1586 ut
1947 1531 2063 1603 tra,

442 1633 557 1706 tre,
627 1626 724 1702 tri,
790 1635 906 1701 tro,
963 1629 1061 1683 tm
1133 1620 1309 1705 (nam
1357 1623 1427 1686 in
1477 1622 1790 1688 Francica
1843 1623 2063 1710 lingua

439 1723 556 1789 vix
621 1722 809 1788 aliam
865 1722 989 1788 sibi
1033 1732 1488 1789 consonantem
1541 1724 1891 1809 adsciscit),
1947 1747 2061 1790 na·
2116 1808 2123 1819 ·

348 1837 359 1851 “
441 1824 644 1889 tivum
689 1846 870 1889 suum
916 1847 1140 1890 sonum
1176 1825 1409 1891 retinet
1449 1849 1486 1890 a
1512 1825 1698 1892 litera
1727 1825 1771 1888 d
1798 1826 2062 1892 distinc-

441 1934 594 1991 tum.
680 1924 829 1991 Hoc
873 1926 1339 1993 observandum
1378 1937 1476 1994 est
1514 1927 1875 2010 Germanis,
1922 1930 2062 2015 qui-

441 2027 564 2094 bus
629 2050 766 2094 mos
833 2036 932 2094 est
995 2028 1113 2094 has
1181 2030 1339 2096 duas
1402 2030 1621 2095 literas
1684 2030 2061 2115 saepissime

437 2138 817 2216 permutare.
929 2128 1257 2216 Syllabam
1322 2154 1473 2196 vero
1539 2154 1860 2217 nunquam
1922 2131 2065 2196 finit

436 2229 610 2296 intra
672 2231 1016 2314 dictiones,
1082 2232 1212 2297 nisi
1275 2232 1595 2318 geminata
1658 2254 1734 2297 ac
1793 2232 2062 2317 proinde

443 2332 784 2418 quiescens
840 2334 948 2399 vel
991 2333 1150 2399 alias
1206 2355 1701 2419 supervacanea,
1759 2341 1829 2396 ut
1871 2331 2064 2412 lettre,

443 2441 674 2497 mettre.
775 2432 1117 2501 Caeterum
1177 2436 1246 2501 in
1308 2434 1643 2500 Francicis
1708 2432 1975 2498 vocibus
2026 2456 2065 2498 a

442 2530 696 2600 Latinis
758 2535 827 2600 in
894 2540 976 2600 tio
1039 2536 1479 2603 desinentibus
1543 2535 1894 2621 desumptis
1972 2536 2066 2616 (in

334 2650 341 2655 ·
447 2633 679 2718 quibus
722 2635 882 2703 haec
926 2661 1288 2705 consonans
1320 2636 1644 2721 scribitur)
1688 2636 1867 2701 nulla
1895 2646 2063 2703 certe

444 2734 723 2817 ratione,
780 2739 893 2803 sed
937 2741 1250 2805 communi
1295 2761 1505 2804 errore
1557 2739 1636 2803 ab
1689 2738 1771 2803 iis
1818 2739 1927 2825 qui
1968 2739 2065 2805 vi-

445 2834 613 2900 tiose
634 2835 869 2902 Latina
906 2842 1338 2924 pronuntiant,
1383 2842 1451 2905 in
1493 2841 1864 2927 peregrinas
1910 2863 2066 2926 quo-

448 2959 572 3024 que
616 2937 870 3023 linguas
912 2950 1295 3027 propagato,
1352 2941 1514 3006 haec
1555 2941 1739 3006 litera
1784 2965 2065 3027 pronun-

445 3039 656 3104 tiatur
679 3061 799 3125 per
842 3063 874 3102 o
919 3040 1058 3106 sive
1100 3042 1303 3107 solum
1332 3051 1405 3106 ut
1432 3044 1895 3128 interrogation,
1938 3039 2065 3104 dis·

433 3142 722 3226 position
785 3149 850 3207 et
906 3142 1137 3208 similia
1177 3143 1482 3229 plurima,
1555 3142 1693 3207 sive
1739 3163 1881 3205 cum
1923 3165 1955 3203 c
1997 3150 2067 3205 ut

449 3241 739 3325 affection
770 3243 1093 3327 (affectio),
1140 3242 1326 3330 quasi
1356 3242 1661 3327 scriptum
1692 3243 1777 3308 sit
1805 3246 2064 3306 interro·

443 3345 698 3429 gacion,
774 3344 1177 3433 disposicion,
1245 3345 1570 3430 offeccion3
1642 3346 2066 3430 praecedente
