2634 3992
566 323 649 386 70
1051 320 1127 374 De
1165 320 1332 374 literis
1370 321 1778 390 quiescentibus.

566 481 868 553 sonante,
912 495 1074 558 quae
1112 495 1473 539 consonans
1505 497 1542 536 v
1582 472 1890 560 paulatim
1935 480 2034 537 est
2078 494 2188 536 ex·

563 575 742 656 trita,
801 596 876 640 ac
929 574 1196 660 proinde
1248 596 1582 660 perperam
1626 597 1665 639 a
1704 573 2027 639 nonnullis
2069 594 2186 658 pro

567 700 609 739 u
683 677 890 742 vocali
970 675 1278 762 accipitur
1371 676 1451 739 ad
1516 675 2027 741 constituendam
2092 674 2189 738 di-

566 776 963 864 phthongum
1007 800 1109 840 au.
1174 776 1402 861 Itaque
1449 777 1543 840 sic
1589 776 1848 860 quidem
1894 774 2192 841 scribitur

562 879 845 943 futurum
874 879 1103 939 i'aurai
1128 876 1461 960 (habebo),
1509 886 1573 939 lu
1604 898 1799 939 auras
1846 875 2186 959 (habebis),

567 980 616 1043 il
653 1003 810 1042 aura
855 978 1194 1062 (habebit),
1242 1000 1407 1040 nous
1449 977 2188 1061 aur0n3,(habebimus),

567 1101 727 1143 vous
757 1102 945 1142 aarez
972 1078 1368 1160 (habebitis),
1415 1080 1492 1142 ils
1524 1088 1754 1141 aaroni
1780 1078 2187 1162 (habebunt),

563 1179 1003 1266 imperfectum
1081 1203 1233 1246 vero
1314 1180 1702 1245 subiunctivi
1766 1180 1993 1241 saut-oi
2053 1179 2190 1262 (ha-

564 1281 827 1361 berem),
898 1289 962 1342 lu
1021 1285 1235 1345 aurcis
1294 1282 1634 1363 (haberes),
1694 1279 1740 1343 il
1791 1284 1998 1344 auroit
2051 1280 2189 1361 (ha-

564 1382 790 1464 beret),
825 1404 985 1444 nous
1015 1387 1272 1446 auriens
1305 1383 1753 1465 (haberemus),
1790 1404 1947 1445 vous
1978 1386 2192 1445 συνίει

562 1484 959 1566 (haberetis),
986 1483 1056 1546 ils
1078 1486 1366 1547 auroient
1384 1484 1766 1566 (haberent),
1792 1507 1955 1569 quae
1980 1484 2192 1549 omnia

564 1586 825 1665 extrita,
871 1594 942 1650 ut
972 1607 1125 1650 usus
1158 1585 1463 1668 obtinuit,
1509 1594 1903 1652 consonante
1945 1608 1999 1665 υ,
2045 1606 2191 1671 pro-

564 1684 918 1750 nuntianda
970 1697 1119 1751 sunt
1169 1709 1286 1772 per
1331 1688 1601 1775 simplex
1648 1712 1705 1770 a,
1765 1709 1840 1753 ac
1885 1687 1943 1752 si
1989 1687 2190 1771 scrip-

560 1795 702 1850 tum
768 1794 941 1850 esset
1003 1790 1158 1865 arai,
1223 1810 1396 1869 aras,
1441 1812 1589 1869 ara,
1647 1810 1778 1853 non
1822 1798 2034 1853 autem
2075 1810 2191 1874 per

560 1885 1028 1973 diphthongum
1085 1911 1187 1951 au.
1276 1890 1444 1954 Nam
1491 1912 1526 1951 v
1570 1912 1713 1955 esse
1757 1889 1825 1952 in
1866 1889 1967 1954 his
2014 1889 2190 1954 voci-

557 1989 682 2053 bus
718 1998 1179 2054 consonantem
1225 1990 1363 2055 sive
1413 1991 1755 2076 digamma,
1801 2012 1933 2054 non
1977 2000 2187 2055 autem

560 2089 878 2171 vocalem,
926 2092 1206 2157 ostendit
1233 2092 1522 2156 infinitus
1556 2092 1782 2156 modus
1830 2092 2005 2152 avoir
2049 2090 2186 2170 (ha-

561 2191 741 2271 bere)
802 2200 865 2255 et
929 2193 1242 2279 analogia.
1332 2192 1617 2257 Mutatur
1687 2191 1853 2256 enim
1918 2189 1953 2252 b
2019 2190 2085 2253 in
2149 2213 2186 2252 v
2293 2185 2301 2191 ’

562 2292 910 2378 digamma,
977 2317 1105 2359 non
1172 2295 1241 2358 in
1305 2318 1346 2356 ιι
1403 2293 1715 2373 vocalem,
1787 2313 1862 2355 ac
1917 2290 2186 2376 proinde

561 2395 829 2460 dubium
858 2417 987 2459 non
1019 2405 1137 2476 est,
1185 2404 1433 2460 veteres
1464 2393 1693 2459 Gallos
1734 2392 2188 2480 pronuntiasse

564 2495 808 2574 i’maemi,
880 2496 1108 2558 i’auroi
1162 2505 1226 2560 et
1266 2504 1549 2560 caeteras
1609 2516 1920 2579 personas
1978 2516 2095 2581 per
2152 2516 2189 2557 v

565 2604 1024 2660 consonantem
1083 2597 1303 2658 i’avrai
1352 2605 1415 2660 et
1463 2597 1704 2658 i’avroi.
1796 2594 1980 2663 Sicut
2038 2594 2191 2660 Itali

563 2695 978 2782 pronuntiant
1016 2695 1303 2760 havero
1351 2705 1414 2760 et
1457 2695 1806 2762 haverei.

708 2915 824 2989 De
862 2918 1429 2991 consonantibus
1468 2918 2034 3016 quiescentibus

840 3049 1192 3136 Regulae
1238 3053 1656 3136 generales
1704 3052 1915 3116 duae.

690 3203 742 3268 Ι.
819 3204 1012 3269 Nulla
1089 3226 1450 3270 consonans
1529 3203 1801 3290 quiescit
1875 3200 2185 3266 inchoans

562 3305 879 3390 syllabam
954 3316 1206 3393 praeter
1254 3329 1306 3391 g
1359 3314 1504 3371 ante
1536 3329 1577 3368 n
1618 3304 1838 3384 molle,
1910 3302 2075 3367 sicut
2117 3300 2190 3366 in
