2634 3992
569 345 653 408 48
1156 342 1233 394 De
1270 340 1626 410 diphthongis.

1180 547 1296 620 Au
1351 557 1425 620 et
1478 571 1591 620 αο.

694 700 881 765 Haec
926 720 1176 784 quoque
1223 696 1658 782 diphthongus
1702 696 1884 761 aliter
1910 719 2193 781 pronun-

564 802 760 867 tiatur
814 822 1005 885 quam
1058 797 1382 879 scribitur,
1458 797 1552 864 sic
1612 797 1907 862 nimirum
1961 806 2029 860 ut
2086 797 2193 862 vel

567 927 790 991 parum
833 904 939 968 vel
977 900 1140 966 nihil
1183 899 1520 964 admodum
1565 899 1815 963 differat
1871 901 1949 964 ab
1996 923 2031 961 o
2076 922 2190 964 vo-

563 1005 707 1085 cali,
738 1013 810 1067 ut
838 1025 966 1065 aux
996 1002 1227 1087 (allia),
1252 1024 1437 1086 paam
1459 1001 1671 1086 (pali),
1708 1022 1876 1064 vaux
1901 1000 2185 1085 (valles),

562 1128 729 1192 quae
770 1105 883 1170 vix
932 1104 1114 1169 aliter
1166 1102 1322 1168 mihi
1375 1102 1671 1168 videntur
1727 1125 1955 1167 sonare
2000 1125 2189 1187 quam

558 1207 633 1272 :in
658 1229 729 1269 os
754 1206 985 1291 (ossa),
1009 1226 1122 1268 vos
1135 1203 1414 1288 (vestri),
1432 1226 1682 1289 propos
1708 1204 2186 1290 (propositum).

559 1306 913 1373 Normanni
958 1329 1111 1372 vero
1167 1305 1262 1370 sic
1313 1305 1428 1371 illa
1481 1327 1711 1371 sonore
1767 1306 2188 1393 pronuntiant

560 1418 633 1473 ut
675 1433 714 1472 a
759 1418 824 1474 et
867 1431 902 1472 0
951 1407 1314 1489 audiantur,
1388 1416 1458 1471 ut
1511 1408 1622 1493 qui
1675 1407 1889 1473 dicant
1941 1418 2183 1489 aurant,

558 1511 828 1597 perinde
891 1532 1058 1596 pene
1103 1509 1239 1575 acsi
1285 1508 1590 1595 scriptum
1643 1518 1818 1575 esset
1877 1520 2182 1590 a-o-tan13

482 1672 491 1682 .
556 1611 758 1697 fitque
820 1610 1093 1676 fortasse
1152 1610 1418 1696 antiqua
1470 1618 1535 1676 et
1604 1632 1758 1675 vera
1828 1611 2016 1677 huius
2089 1612 2185 1676 di-

555 1712 870 1797 phthongi
908 1720 1041 1776 tum
1067 1711 1339 1797 prolatio
1382 1721 1518 1776 tum
1556 1712 1887 1798 scriptura,
1922 1735 2084 1798 quae
2112 1712 2183 1776 in

554 1813 848 1899 pauculis
903 1812 1109 1878 adhuc
1163 1813 1553 1880 dictionibus
1596 1837 1637 1877 a
1656 1814 2001 1879 nonnullis
2048 1836 2182 1879 ser-

554 1922 773 1996 vatur,
814 1935 1043 1999 nempe
1083 1913 1155 1977 in
1169 1937 1357 1999 paon
1400 1914 1654 2000 (pavo),
1678 1915 1855 1995 saon
1901 1915 2179 1996 (foetus),

551 2013 624 2078 in
676 2013 907 2099 quibus
960 2037 1134 2080 nunc
1191 2039 1226 2078 ο
1287 2016 1581 2101 quiescit.
1684 2015 2177 2082 Pronuntiamus

554 2115 726 2180 enim
766 2139 908 2201 pan
966 2126 1030 2182 et
1068 2117 1215 2192 fan.
1325 2119 1420 2184 At
1483 2119 1554 2183 in
1631 2120 1826 2184 verbo
1879 2119 2177 2202 saonner,

550 2217 727 2303 quod
770 2218 850 2283 de
894 2239 1224 2284 cervarum
1278 2227 1468 2305 partu
1513 2218 1768 2302 dicitur,
1824 2221 2058 2284 mansit
2114 2229 2178 2285 et

552 2319 869 2405 scriptura
928 2328 993 2385 et
1052 2322 1487 2406 pronuntiatio
1550 2321 1739 2388 huius
1799 2321 2175 2406 diphthongi

549 2421 819 2507 integra.
906 2421 1017 2490 Sic
1066 2431 1320 2488 veteres
1375 2421 1610 2487 Franci
1676 2422 2043 2489 scribebant
2111 2431 2174 2489 et

546 2522 1050 2608 pronuntiabant
1084 2547 1305 2609 paour
1359 2525 1631 2611 (pavor).
1717 2524 1812 2589 At
1851 2547 2025 2590 nunc
2077 2524 2173 2590 sic

549 2623 809 2709 quidem
848 2624 1223 2710 plerumque
1263 2625 1426 2692 haec
1470 2626 1665 2693 dictio
1696 2626 2009 2708 scribitur,
2056 2626 2172 2692 sed

546 2733 761 2789 tamen
825 2724 1078 2790 effertur
1146 2749 1264 2813 per
1330 2750 1407 2799 eu
1477 2727 1964 2815 diphthongum,
2033 2728 2169 2793 acsi

548 2826 968 2892 scriberemus
1013 2849 1202 2913 peur.
1311 2828 1392 2895 In
1444 2831 1692 2896 duobus
1754 2839 1963 2896 autem
2023 2828 2168 2896 istis

546 2929 880 2997 vocabulis
907 2951 1163 3014 paovre
1205 2931 1499 3018 (pauper)
1545 2938 1611 2997 et
1636 2939 1942 3017 paovrete
1984 2931 2167 3016 (pau-

543 3028 789 3110 pertas)
833 3028 1087 3098 videtur
1117 3056 1158 3096 a
1200 3033 1525 3116 insertum,
1570 3055 1656 3098 ne
1699 3033 1842 3120 quis
1886 3054 2165 3120 pronun-

542 3124 733 3191 tiaret
757 3151 1020 3214 pou-re,
1080 3141 1143 3197 et
1169 3144 1506 3219 pou-re-te
1545 3158 1662 3222 per
1696 3158 1778 3199 οιι
1823 3132 2163 3220 diphthon-

542 3247 712 3309 gum.
799 3226 933 3295 Sed
971 3232 1163 3298 vitari
1201 3232 1454 3301 facilius
1494 3237 1618 3302 hoc
1656 3237 1893 3323 potuit,
1950 3236 2007 3301 si
2057 3236 2164 3301 vel

541 3334 614 3388 ut
653 3329 923 3398 maiores
952 3335 1159 3401 nostri
1186 3347 1489 3423 usurpato
1521 3337 1883 3404 charactere
1927 3361 1961 3401 v
2008 3360 2163 3404 con·
