2634 3992
597 373 640 438 8
758 373 836 427 De
871 374 1149 427 Francicae
1184 374 1403 443 linguae
1437 377 1580 428 recta
1617 372 2065 443 pronuntiatione.

604 551 775 609 rum,
839 526 1010 614 quod
1058 526 1150 591 ita
1200 525 1516 591 Francica
1564 526 1785 613 lingua
1834 525 2030 591 scribi
2080 547 2232 592 con-

606 617 874 711 suevit,
916 636 987 692 ut
1032 626 1327 714 quamvis
1382 625 1811 711 exprimendis
1865 625 1998 691 suis
2052 626 2231 693 sonis

610 730 900 817 singulae
945 729 1076 794 sint
1115 727 1374 815 proprie
1417 727 1486 791 in
1516 726 1811 794 omnibus
1854 728 2092 814 linguis
2122 751 2233 794 ex-

601 832 918 918 cogitatae
939 829 1181 910 literae,
1207 838 1422 894 tamen
1444 828 1877 914 pronuntiatio
1900 829 2234 913 scriptioni

597 934 668 1001 in
696 932 1021 1019 plerisque
1045 929 1313 995 vocibus
1339 928 1600 994 minime
1618 930 2022 1015 respondeat.
2065 930 2234 995 Nam

605 1044 670 1102 et
698 1034 1011 1121 plurimae
1041 1040 1193 1101 sunt
1218 1051 1482 1116 prorsus
1510 1029 1914 1112 omittendae,
1948 1039 2013 1095 et
2039 1030 2232 1101 unius

602 1134 1016 1220 eiusdemque
1072 1131 1297 1207 literae
1352 1153 1484 1205 non
1535 1130 1709 1202 idem
1751 1131 1988 1218 ubique
2032 1153 2232 1198 sonus

599 1234 869 1317 auditur,
915 1233 1096 1299 cuius
1140 1233 1236 1299 rei
1281 1231 1653 1300 conabimur
1696 1255 1811 1299 suo
1854 1233 1996 1298 loco
2036 1233 2233 1299 ratio·-

605 1358 757 1413 nem
801 1344 866 1401 et
904 1358 1093 1403 usum
1136 1334 1490 1403 ostendere.
1576 1332 1723 1403 Hae
1763 1357 1916 1401 vero
1964 1334 2233 1419 difficul-

607 1445 774 1505 tates
815 1438 1215 1524 aliquatenus
1271 1435 1529 1522 quidem
1569 1436 1810 1521 regulis
1852 1435 2234 1523 quibusdam

604 1538 980 1620 observatiS,
1018 1561 1178 1624 quas
1207 1561 1360 1605 mox
1399 1537 1744 1619 trademus,
1794 1538 1911 1627 sed
1955 1560 2075 1604 usu
2114 1560 2231 1623 po·-

598 1639 922 1726 tissimum
960 1638 1107 1725 ipso
1151 1646 1557 1725 superantur,
1616 1660 1741 1724 qua
1791 1639 1862 1706 in
1902 1662 1974 1705 re
2014 1647 2231 1707 tamen

597 1730 878 1807 maximo
933 1738 1173 1805 iudicio
1231 1748 1295 1805 et
1350 1741 1601 1806 delectu
1653 1763 1816 1827 opus
1873 1749 1989 1808 est.
2081 1739 2229 1806 Etsi

599 1841 772 1909 enim
802 1863 883 1907 ex
916 1839 1214 1907 Francici
1255 1842 1439 1926 regni
1478 1843 1833 1928 provinciis
1877 1842 2041 1908 aliae
2084 1841 2228 1909 aliis

597 1941 811 2011 minus
866 1942 1116 2027 impure
1169 1942 1545 2029 loquuntur,
1598 1944 1840 2011 nullam
1893 1951 2109 2008 tamen
2159 1942 2230 2008 in

596 2042 680 2111 iis
737 2064 823 2108 ne
889 2043 1114 2109 urbem
1177 2042 1436 2129 quidem
1497 2045 1821 2111 inveneris
1874 2066 2039 2130 quae
2091 2042 2228 2110 suis

603 2142 987 2229 quibusdam
1030 2145 1569 2228 pronuntiationis
1612 2145 1835 2211 naevis
1875 2167 2009 2210 non
2049 2145 2229 2213 labo*

600 2252 716 2326 ret,
751 2267 912 2330 quos
941 2244 1189 2331 passim
1219 2246 1412 2311 etiam
1434 2247 1736 2332 deinceps
1760 2244 2225 2316 annotabimus,

596 2345 702 2419 Ac
741 2345 862 2411 fuit
905 2346 1164 2432 quidem
1199 2355 1471 2433 tempus,
1517 2349 1635 2413 sub
1670 2345 2016 2412 Francisco
2047 2344 2226 2411 vide-

596 2446 749 2517 lieet
793 2447 905 2515 illo
943 2447 1141 2532 Rege,
1188 2470 1381 2532 quem
1420 2446 1645 2512 merito
1686 2445 1878 2513 liceat
1914 2447 2227 2515 bonarum

599 2545 925 2615 literarum
940 2556 1271 2634 parentem
1290 2569 1540 2628 vocare,
1566 2569 1761 2633 quum
1783 2570 2010 2633 puram
2023 2546 2225 2613 Fran-r

599 2646 776 2717 cicae
804 2647 1064 2733 linguae
1095 2646 1675 2733 pronuntiationem
1709 2671 1789 2713 ex
1829 2649 2035 2736 ipsius
2080 2649 2227 2717 aula

595 2756 813 2833 petere
857 2748 1056 2814 licuit.
1127 2748 1234 2812 Ab
1275 2747 1412 2813 eius
1455 2756 1667 2816 autem
1709 2749 1886 2817 obitu
1928 2751 2025 2818 sic
2066 2773 2225 2837 pau·-

596 2848 777 2917 latim
841 2872 972 2915 una
1023 2868 1168 2913 cum
1224 2849 1509 2914 moribus
1564 2849 1962 2919 immutatam
2021 2852 2223 2921 fuisse

477 3008 483 3033 ,
597 2948 651 3019 F
651 2950 978 3017 rancicam
1019 2955 1219 3012 totam
1259 2948 1546 3034 linguam
1583 2961 1850 3035 constat,
1895 2961 1967 3019 ut
1994 2953 2107 3018 vix
2146 2974 2224 3021 ac

594 3072 678 3121 ne
722 3051 834 3117 vix
881 3048 1138 3135 quidem
1181 3059 1503 3135 appareat,
1559 3053 1673 3121 ubi
1712 3054 1972 3121 tandem
2010 3053 2223 3139 ipsius

596 3154 843 3238 puritas
890 3150 1240 3215 delitescat.
1312 3150 1497 3218 Illius
1542 3165 1713 3221 certe
1757 3154 2065 3239 quidquid
2106 3153 2222 3218 ho·-

594 3252 698 3320 die
756 3259 1072 3338 superest,
1129 3251 1363 3336 partim
1404 3257 1714 3339 pauculae
1759 3264 2016 3320 servant
2059 3254 2224 3321 anti-

593 3372 785 3435 quum
842 3352 1200 3419 obtinentes
1254 3353 1534 3422 familiae
1594 3368 1659 3423 et
1698 3354 1990 3421 homines
2033 3355 2222 3424 bonis
