2634 3992
560 306 649 370 40
1110 305 1186 358 De
1224 307 1653 360 consonantibus,
1702 372 1714 384 ,

563 465 776 523 tamen
817 479 886 540 ³,
951 481 1134 524 suum
1197 461 1486 526 nativum
1544 483 1768 527 sonum
1820 472 2060 543 servat,
2121 471 2197 528 ut

566 557 967 624 combustion.
1079 558 1334 642 Quodsi
1404 563 1745 628 dictionem
1805 564 2014 646 finiat,
2088 555 2196 631 se·-

567 672 801 747 quente
853 685 1231 748 quacunque
1285 672 1708 746 consonante,
1764 666 2065 751 quiescit,
2120 674 2197 731 ut

568 786 685 830 suo
735 765 883 830 loco
937 766 1240 831 dicemus.
1304 764 1463 832 'Sed
1502 766 1654 833 huic
1693 766 1916 832 literae
1956 767 2196 833 mirum

568 865 869 951 quiddam
934 866 1195 948 accidit,
1259 889 1489 953 nempe
1548 877 1648 949 ut,
1715 868 1827 935 ubi
1877 890 2190 953 nusquam

571 976 864 1052 apparet,
916 976 1134 1033 tamen
1176 968 1534 1055 euphoniae
1577 990 1773 1034 causa
1823 969 2192 1056 pronuntie-

564 1075 687 1149 tur,
731 1075 803 1132 ut
832 1069 889 1134 si
922 1069 1167 1135 scribas
1201 1070 1390 1156 par-le
1432 1069 1480 1132 il
1522 1070 1910 1154 (loquiturne
1921 1071 1998 1153 Ρ),
2040 1094 2190 1156 pro-

564 1169 988 1235 nuntiandum
1035 1171 1155 1236 erit
1197 1172 1573 1259 interposito
1621 1181 1661 1254 t,
1707 1173 1896 1237 etiam
1939 1181 2192 1238 servato

570 1292 605 1333 e
646 1269 978 1353 foemine0,
1016 1272 1315 1358 pudet-il.
1406 1273 1518 1341 Sic
1558 1273 1628 1338 in
1656 1274 1863 1339 tertiis
1891 1273 2188 1359 personis

569 1372 1000 1457 singularibus
1041 1374 1236 1439 futuri
1267 1375 1601 1441 indicativi
1631 1375 1817 1454 ira-il,
1852 1373 2195 1460 popleta-il

569 1483 634 1538 et
673 1475 1031 1560 praesentis
1084 1477 1277 1542 etiam
1319 1477 1647 1543 indicandi
1699 1477 1768 1540 in
1810 1475 2193 1560 quibusdam

566 1576 809 1656 verbis,
867 1585 940 1641 ut
992 1577 1159 1640 va-z’l
1199 1579 1497 1644 scribitur
1541 1577 1821 1664 quidem,
1884 1578 2000 1643 sed
2039 1598 2192 1663 pro-

564 1677 894 1740 nuntiatur
922 1679 1139 1759 irat-il,
1176 1679 1557 1764 parlerat·il,
1603 1704 1792 1766 quam
1817 1678 2192 1766 pronuntia-

567 1775 806 1848 tionem
836 1781 1225 1848 recentiores
1256 1782 1515 1868 quidam
1557 1783 1640 1848 ad
1674 1803 1960 1848 normam
1988 1778 2191 1864 scrip-

566 1892 748 1951 turae
793 1884 1083 1968 exigunt3
1143 1884 1258 1949 sed
1300 1884 1424 1948 hoc
1476 1893 1647 1949 certe
1701 1883 1915 1948 facere
1966 1881 2194 1946 saltem

571 2009 703 2052 non
738 1993 1013 2073 possunt
1047 1985 1117 2049 in
1153 1985 1343 2050 tertia
1367 2007 1647 2071 persona
1674 1983 1982 2070 singulari
2009 2004 2197 2068 prae-

570 2088 774 2153 sentis
826 2086 1132 2173 temporis
1193 2086 1530 2152 indicativi
1586 2085 1830 2172 primae
1886 2084 2191 2168 coniuga-

564 2188 781 2270 tionis,
828 2197 898 2252 ut
960 2189 1119 2250 aime
1163 2187 1245 2250 tl?
1310 2186 1583 2252 Veteres
1647 2196 1855 2251 autem
1915 2185 2190 2249 maiores

568 2299 824 2356 nostros
853 2289 1074 2355 tertias
1104 2310 1418 2375 personas
1450 2288 1805 2374 singulares
1842 2295 1973 2351 tum
2002 2306 2190 2370 prae-

565 2393 898 2458 teritorum
925 2392 1365 2477 perfectorum,
1414 2398 1481 2454 ut
1510 2393 1672 2453 aima
1705 2389 2011 2473 (amavit),
2056 2396 2194 2450 tum

564 2496 936 2574 futurorum,
980 2502 1050 2556 ut
1093 2496 1359 2574 aimera,
1413 2492 1755 2578 scripsisse
1806 2499 1869 2556 et
1908 2511 2194 2575 pronun-

568 2597 768 2661 tiasse
805 2593 1018 2660 addito
1056 2604 1094 2676 t,
1134 2595 1302 2680 quod
1345 2593 1538 2659 scribi
1573 2593 1875 2680 paulatim
1907 2591 2188 2671 desierit,

565 2697 806 2762 indicat
854 2695 1343 2780 Burgundorum
1398 2695 1737 2775 dialectus,
1808 2694 1917 2780 qui
1978 2693 2187 2758 adhuc

568 2795 759 2862 hodie
804 2795 1093 2861 scribunt
1135 2806 1199 2862 et
1240 2796 1670 2883 pronuntiant,
1714 2795 1796 2860 Je
1825 2818 1924 2875 va,
1954 2803 2020 2858 Ιιι
2048 2816 2188 2873 vos,

568 2898 614 2961 il
674 2906 783 2961 vat
842 2907 905 2963 et
948 2889 1179 2981 i'aimci,
1256 2907 1321 2960 ta
1389 2901 1610 2976 aimas‘,
1674 2897 1720 2959 il
1758 2899 1950 2959 aima!
2015 2903 2078 2959 et
2128 2895 2187 2957 ie

554 2999 839 3086 parlcro,
884 3009 949 3062 lu
986 2999 1299 3085 parleras,
1349 2997 1395 3061 il
1421 3001 1728 3085 parler-at.

1276 3152 1459 3227 Xx.

693 3305 880 3371 Haec
951 3304 1137 3369 litera
1206 3305 1274 3368 in
1346 3302 1705 3389 peregrinis
1777 3300 2185 3381 dictionibuS,

562 3405 949 3470 necessitate
993 3405 1264 3489 quadam
1291 3403 1346 3468 F
1347 3403 1643 3468 rancicae
1677 3402 1934 3486 linguae
1974 3401 2188 3466 suavi-

2565 3806 2574 3815 ·
2569 3664 2576 3673 ..

2581 3688 2598 3939 Ι--ῌιᾼ-ι.-
2593 3556 2598 3633 Π...-
2595 3408 2598 3535 ...-—.
