2634 3992
560 378 641 442 26
1101 376 1180 430 De
1216 376 1651 432 consonantibus.

564 555 681 599 suo
731 552 891 596 sono
932 529 1264 616 profertur,
1311 551 1475 615 quae
1518 539 1731 594 tamen
1770 529 2048 594 varietas
2090 527 2186 593 fa-

565 634 688 699 cile
736 631 1134 697 discernitur.
1220 629 1494 710 Quoties
1538 630 1706 695 enim
1758 638 1905 695 ante
1955 653 1994 693 a
2040 636 2103 694 et
2146 652 2184 692 o
2255 678 2261 682 .

561 758 677 822 pro
706 735 753 820 j
789 739 1179 799 consonante
1222 741 1577 817 usurpatur,
1621 731 1718 795 illi
1759 732 1991 797 subiici
2023 733 2188 798 solet

564 860 618 917 e,
663 859 795 902 non
836 843 907 899 ut
945 832 1328 919 proferatur,
1377 833 1492 899 sed
1532 839 1605 896 ut
1648 832 1846 898 silens
1891 833 2188 898 ostendat

559 961 614 1025 g
664 938 734 1001 in
781 936 863 1001 iis
919 933 1302 999 dictionibus
1367 957 1500 998 non
1562 933 1747 998 aliter
1799 934 2187 999 efferendum

566 1061 759 1124 quam
803 1043 948 1100 ante
992 1058 1027 1098 e
1069 1034 1431 1116 consuevit,
1480 1034 1546 1098 id
1593 1043 1693 1099 est
1731 1057 1845 1121 pro
1874 1035 1923 1120 j
1958 1056 2187 1101 conso·

564 1146 780 1220 nante,
808 1146 880 1201 ut
900 1158 1248 1224 mangeons
1272 1136 1732 1217 (comedimus),
1756 1136 1912 1200 item
1934 1139 1991 1199 ie
2018 1159 2195 1200 man-

562 1261 762 1328 geay‚
797 1247 860 1301 m
891 1259 1218 1325 mungens,
1264 1237 1312 1299 il
1339 1259 1628 1323 mangea,
1661 1258 1822 1299 nous
1847 1259 2189 1325 mungens-

567 1361 722 1422 ηιεε,
788 1361 946 1402 vous
999 1347 1422 1426 mangeosleS.
1475 1340 1555 1402 ils
1608 1350 2017 1425 mangeorent
2058 1340 2191 1420 (co-

566 1439 753 1522 medi,
801 1439 968 1521 disti,
1003 1440 1112 1522 dit,
1145 1441 1374 1520 dimuS‚
1407 1439 1609 1521 distis,
1644 1439 1888 1522 derunt,
1920 1439 2187 1526 perinde

570 1564 645 1606 ac
670 1540 724 1606 si
750 1540 1130 1606 scriberetur
1161 1541 1466 1625 manjons,
1492 1542 1768 1627 manjay,
1795 1563 2041 1627 mansas
2068 1549 2187 1605 etc.

568 1640 679 1709 Sic
746 1641 1049 1709 Germani
1106 1641 1397 1705 nonnulli
1456 1664 1572 1727 pro
1640 1664 1779 1727 ego
1850 1665 2193 1729 perperam

577 1743 993 1829 pronuntiant
1017 1742 1161 1824 ei0,
1194 1750 1257 1807 et
1275 1765 1392 1828 pro
1415 1743 1668 1827 gallus
1682 1743 1948 1829 jallus.
2002 1741 2193 1808 Unde

567 1843 1008 1908 Bituricenses
1056 1843 1178 1926 jau
1243 1866 1361 1929 pro
1429 1843 1644 1926 gallo
1711 1852 1775 1909 et
1847 1843 2027 1926 ajace
2076 1867 2192 1930 pro

571 1966 796 2030 agace,
858 1943 927 2008 id
986 1951 1083 2008 est
1133 1943 1332 2030 pica.
1420 1941 1534 2010 Sic
1589 1944 1777 2008 etiam
1831 1952 1977 2009 ante
2035 1968 2071 2007 o
2127 1953 2200 2009 ut

564 2043 816 2132 flageol
857 2045 1095 2126 (fistula
1126 2045 1508 2132 pastoritia).
1575 2045 1668 2110 At
1707 2045 1957 2130 quoties
1988 2054 2133 2110 ante
2165 2069 2199 2109 e

574 2145 683 2210 vel
747 2146 767 2207 i
830 2146 1114 2210 nativum
1183 2170 1366 2212 suum
1432 2169 1656 2213 sonum
1715 2146 1966 2229 retinet,
2034 2147 2199 2212 solet

570 2246 668 2311 illi
721 2246 913 2311 adiici
975 2269 1014 2309 u
1057 2248 1281 2314 itidem
1324 2248 1666 2334 quiescens
1735 2257 1798 2313 et
1838 2249 1961 2313 hoc
2004 2272 2197 2313 unum
2285 2278 2295 2291 *

571 2347 943 2429 ostendenS,
1000 2349 1287 2434 quamvis
1334 2358 1637 2434 sequatur
1680 2371 1714 2411 e
1754 2349 1859 2414 vel
1902 2351 1941 2425 ι’,
1984 2357 2198 2413 tamen

570 2450 788 2515 nativo
835 2470 949 2514 suo
996 2472 1154 2515 sono
1197 2450 1364 2516 hanc
1404 2449 1653 2514 literam
1693 2471 1837 2514 esse
1866 2448 2197 2534 proferen-

575 2551 723 2615 dam
765 2560 836 2614 ut
865 2549 1102 2637 langue
1131 2559 1197 2616 et
1223 2551 1488 2636 lanyuir‚
1517 2551 1585 2615 in
1619 2550 1849 2636 quibus
1879 2572 2197 2636 nusquam

574 2651 824 2716 auditur
867 2673 928 2729 u,
973 2652 1087 2716 sed
1129 2651 1374 2716 indicat
1420 2674 1552 2715 non
1595 2673 1740 2718 esse
1783 2650 2197 2738 proferendas

570 2753 731 2817 istas
783 2773 978 2817 voces
1033 2761 1107 2817 ut
1179 2752 1235 2818 si
1291 2753 1671 2818 scriberetur
1723 2752 1891 2834 lanje
1945 2759 2008 2816 et
2057 2748 2198 2811 Ian·

556 2855 668 2938 jir.
757 2852 905 2918 Itali
941 2874 1094 2918 vero
1136 2851 1360 2918 nescio
1423 2875 1550 2939 qua
1588 2853 1836 2919 ratione
1878 2851 2048 2915 hunc
2092 2872 2199 2914 so-

573 2979 725 3021 num
783 2976 902 3041 per
952 2953 1042 3042 gh
1111 2954 1424 3036 scribunt,
1481 2963 1552 3018 ut
1600 2952 1898 3041 stringhe‚
1950 2950 2195 3039 ghiotto

580 3066 646 3123 et
687 3056 942 3123 similia.

700 3258 1187 3344 Aspirationem
1215 3255 1453 3321 Franci
1483 3263 1789 3340 quantum
1814 3252 1956 3317 fieri
1989 3259 2204 3337 potest

578 3359 926 3439 emolliunt,
975 3356 1068 3423 sic
1104 3366 1320 3420 tamen
1363 3362 1434 3418 ut
1479 3354 1736 3418 omnino
1780 3353 2087 3432 audiatur,
2135 3358 2203 3414 at
