2634 3992
1080 386 1140 452 Q,
1177 404 1225 456 q.
1294 387 1357 452 R,
1394 404 1434 439 r.
1990 386 2071 451 37

1171 591 1339 665 Rr.

572 741 760 808 Haec
803 744 989 808 litera
1047 743 1184 810 sive
1227 740 1489 806 inchoet
1539 739 1678 805 sive
1718 739 1901 803 finiat
1943 741 2075 824 syl-

448 844 690 926 labam,
755 846 975 911 nativo
1037 868 1155 913 suo
1221 866 1382 910 sono
1435 840 1769 928 profertur.
1866 841 2075 909 Immo

453 945 746 1031 quamvis
820 947 906 1011 sit
969 946 1250 1012 omnium
1322 944 1648 1009 literarum
1725 944 2077 1030 asperrima

450 1045 724 1132 ideoque
769 1048 939 1135 apud
973 1047 1312 1114 Hebraeos
1356 1067 1683 1131 nunquam
1726 1044 2075 1130 daghesse-

378 1133 385 1141 ⁸
446 1155 568 1230 tur,
618 1158 681 1215 et
704 1149 760 1215 F
760 1150 1084 1215 rancicam
1125 1148 1414 1234 linguam
1456 1155 1710 1212 constet
1737 1147 2074 1214 mollitiem

447 1251 991 1334 pronuntiationis
1055 1250 1126 1314 in
1193 1248 1422 1334 primis
1486 1256 1773 1333 captare,
1854 1257 2072 1313 tamen

448 1373 644 1436 quum
690 1352 1076 1438 geminatur,
1120 1350 1367 1415 fortiter
1410 1358 1509 1414 est
1552 1349 1898 1431 efferenda,
1945 1373 2075 1415 una

444 1452 707 1536 quidem
768 1453 1049 1538 priorem
1124 1451 1438 1535 syllabam
1498 1449 1762 1513 finiente
1780 1500 1797 1531 ,
1876 1450 2077 1515 altera

447 1574 604 1616 vero
652 1561 1029 1637 sequentem
1068 1551 1430 1631 inchoante,
1472 1557 1545 1614 ut
1586 1550 1786 1631 barre,
1833 1548 2070 1633 beurre,

445 1673 697 1732 courre,
751 1674 938 1732 errer,
979 1656 1210 1734 ferrer,
1248 1654 1535 1735 fourrer,
1589 1673 1834 1739 quarre,
1878 1674 2073 1716 verre.

444 1750 678 1836 Itaque
725 1754 1081 1818 cavendum
1125 1762 1224 1819 est
1267 1753 1808 1835 Cenomanorum,
1852 1751 2073 1818 Picto-

452 1875 608 1917 num
641 1863 704 1919 et
729 1853 1266 1941 Lotharingorum
1307 1856 1561 1938 vitium,
1594 1854 1704 1941 qui
1748 1855 2071 1940 duplicem

450 1961 521 2017 ut
566 1954 924 2041 simplicem
967 1957 1332 2039 enuntiant,
1380 1980 1573 2043 quum
1601 1964 1819 2021 tamen
1848 1965 2073 2021 contra

445 2054 645 2121 iidem
691 2054 1047 2122 Cenomani
1092 2059 1452 2145 simplicem
1503 2067 1575 2122 ut
1619 2058 1937 2144 duplicem
1982 2057 2072 2122 ef-

444 2156 672 2239 ferant,
721 2166 792 2221 ut
815 2160 1027 2243 fairre
1056 2159 1315 2242 (facere)
1348 2168 1411 2224 et
1441 2161 1643 2221 voirre
1674 2161 1896 2240 (vere).
1946 2156 2073 2222 Pa-

441 2258 755 2325 risienses
814 2268 1027 2326 autem
1092 2283 1169 2325 ac
1212 2260 1411 2325 multo
1468 2259 1662 2325 etiam
1701 2259 1910 2343 magis
1951 2259 2071 2323 AJ-

441 2360 945 2427 tissiodorenses
978 2369 1041 2426 et
1059 2361 1188 2426 mei
1208 2360 1461 2426 Vezelii
1494 2360 1852 2446 simplicem
1880 2359 2073 2425 etiam

439 2461 510 2523 in
557 2482 588 2524 s
631 2470 914 2545 vertunt,
970 2470 1042 2526 ut
1084 2464 1327 2541 cousin,
1386 2463 1612 2543 Music,
1645 2482 1827 2546 pese,
1884 2483 2072 2541 mese,

437 2560 774 2625 Theodose
834 2586 950 2649 pro
1018 2566 1253 2644 contin,
1337 2565 1561 2643 Marie,
1625 2585 1807 2648 pere,
1878 2583 2065 2644 mere,

446 2659 801 2743 Theodore,
836 2664 1150 2748 quomodo
1183 2664 1375 2729 etiam
1398 2663 1675 2729 Romani
1701 2662 2070 2748 promiscue

440 2761 839 2847 scripserunt
865 2763 1250 2830 Valesius
1283 2774 1348 2830 et
1374 2765 1774 2847 Valerius,
1817 2764 2070 2830 honos

439 2870 505 2927 et
545 2861 826 2944 honor,
882 2873 949 2929 et
988 2863 1145 2928 flos
1190 2873 1255 2929 et
1294 2887 1458 2929 mos
1500 2867 1898 2932 retinuerunt
1950 2888 2070 2952 pro

434 2963 588 3029 flor
632 2972 695 3028 et
736 2986 926 3045 mor,
972 2973 1045 3027 ut
1087 2986 1166 3028 ex
1195 2966 1473 3050 obliquis
1515 2967 1753 3031 floris
1800 2975 1864 3030 et
1904 2989 2069 3031 mo-
2174 2964 2177 2966 ’

435 3066 548 3130 ris
582 3074 862 3152 apparet.
937 3063 1146 3128 Immo
1179 3064 1373 3130 etiam
1415 3075 1667 3131 veteres
1702 3067 2070 3131 honosem

434 3191 549 3252 pro
579 3167 875 3232 honore
891 3189 956 3230 m
987 3166 1371 3246 scribebam,
1416 3175 1488 3229 ut
1513 3165 1748 3231 Festus
1775 3174 2067 3238 testatur.

438 3265 571 3333 Sed
604 3268 730 3333 hoc
763 3268 992 3334 vitium
1021 3266 1090 3330 in
1111 3265 1428 3331 Francica
1446 3267 1670 3353 lingua
1689 3267 1904 3331 nullus
1923 3288 2068 3332 mos

436 3378 717 3435 excusat.
