2634 3992
602 394 684 457 20
1201 394 1277 447 De
1315 395 1602 449 vocalibus,

601 540 922 613 vitandus.-
992 550 1085 613 At
1126 549 1329 613 nostri
1372 549 1645 613 maiores
1675 547 1909 612 Franci
1937 548 2220 633 peculia-

599 670 732 713 rem
781 649 1136 714 habuerunt
1184 650 1606 715 characterem
1650 649 1920 715 Aeolico
1977 648 2220 734 digam-

599 750 756 815 mati
787 751 1122 816 scribendo
1158 760 1289 815 tam
1321 760 1504 816 acute
1537 751 1979 836 excogitatum,
2029 772 2220 836 quam

602 861 701 918 est
752 852 1044 938 imperite
1100 875 1139 916 a
1194 854 1471 939 posteris
1536 853 1603 916 in
1653 852 1883 917 mediis
1950 851 2217 936 syllabis

598 955 961 1040 neglectuS,
1033 962 1097 1020 et
1159 954 1344 1019 initio
1414 953 1756 1017 dictionum
1819 976 1934 1039 pro
2000 975 2042 1013 ιι
2105 974 2218 1016 vo-

601 1055 725 1119 cali
785 1063 1146 1141 usurpatUS,
1192 1064 1261 1120 ut
1305 1079 1504 1141 quum
1547 1055 1833 1121 scribunt
1876 1077 1956 1116 vn
1988 1062 2050 1118 et
2081 1072 2216 1116 vne.

599 1152 813 1234 Quum
856 1155 1049 1240 igitur
1090 1157 1207 1222 hos
1250 1180 1444 1223 sonos
1473 1157 1765 1222 viderent
1806 1154 2082 1219 maxime
2128 1152 2218 1217 af-

596 1256 762 1319 'fines
808 1252 885 1317 ba
933 1264 994 1320 et
1037 1281 1116 1320 va
1159 1282 1197 1323 a
1248 1258 1572 1345 plerisque
1618 1257 1947 1337 confundi,
2014 1257 2220 1341 figura

601 1357 705 1421 usi
739 1365 888 1422 sunt
917 1380 1080 1442 quae
1111 1358 1276 1423 hanc
1307 1359 1678 1425 affinitatem
1709 1357 1897 1424 simul
1920 1365 1983 1421 et
2004 1364 2218 1421 osten-

600 1458 776 1523 deret
807 1467 869 1523 et
899 1459 1335 1546 distingueret,
1369 1461 1730 1525 charactere
1751 1459 2053 1525 videlicet
2073 1459 2218 1524 lite-

598 1581 709 1624 rae
754 1558 787 1622 b
831 1559 1059 1626 leviter
1099 1562 1169 1626 in
1224 1562 1552 1627 sinistram
1592 1584 1824 1649 nempe
1866 1585 1910 1626 v
1954 1570 2018 1626 et
2057 1584 2091 1623 v
2135 1560 2219 1625 ad

597 1663 1001 1747 digammatis
1043 1664 1299 1729 Aeolici
1349 1664 1930 1749 pronuntiationem
1973 1661 2216 1748 signifi-

596 1764 867 1828 candam
907 1763 1162 1846 infleXO,
1206 1765 1400 1850 idque
1437 1788 1569 1835 non
1595 1773 1843 1841 tantum
1869 1763 2051 1828 initio
2084 1763 2218 1828 dic-

591 1865 863 1947 tionum,
932 1874 1003 1929 ut
1065 1889 1104 1929 a
1156 1862 1467 1931 Francice
1525 1866 1949 1933 scribentibus
2010 1864 2217 1929 adhuc

591 1966 786 2032 ‘hodie
817 1968 1207 2049 observatur,
1239 1974 1310 2030 ut
1341 1970 1453 2046 vie,
1485 1977 1682 2050 verta,
1733 1976 2050 2049 vertueux,
2102 1965 2219 2032 sed

590 2066 793 2134 'etiam
820 2070 989 2134 intra
1015 2070 1195 2155 ipsas
1228 2069 1559 2151 dictiones,
1606 2080 1675 2134 ut
1704 2073 1889 2151 vivre,
1922 2072 2215 2149 receuoir,

528 2230 535 2237 .
595 2174 787 2255 avoir,
844 2194 970 2257 qua
1023 2171 1102 2236 de
1156 2193 1226 2236 re
1284 2193 1399 2236 suo
1455 2193 1707 2236 rursum
1757 2172 1899 2237 loco
1946 2194 1985 2235 a
2026 2169 2216 2236 nobis

597 2272 858 2338 dicetur.
931 2271 1005 2337 P.
1046 2268 1288 2337 Ramus
1332 2281 1553 2339 nostra
1593 2273 1897 2338 memoria
1941 2271 2215 2356 diligens

591 2374 932 2440 multarum
973 2397 1184 2439 rerum
1223 2373 1563 2459 inquisitor
1578 2424 1593 2455 ,
1648 2382 1719 2438 ut
1761 2373 1926 2438 hanc
1966 2372 2216 2438 literam

593 2477 884 2542 vocalem
915 2499 953 2541 a
984 2483 1376 2540 consonante
1407 2475 1841 2561 distingueret,
1875 2475 2043 2539 hunc
2075 2474 2216 2560 qui-

594 2578 737 2642 dem
790 2577 1220 2642 characterem
1272 2599 1308 2638 v
1364 2576 1766 2659 consonanti,
1817 2578 2014 2642 istum
2057 2596 2212 2642 vero

591 2699 634 2739 ιι
670 2678 882 2743 vocali
924 2678 1223 2744 attribuit.
1297 2676 1522 2742 Laudo
1554 2677 1929 2761 institutum,
1976 2679 2213 2744 factum

589 2778 861 2864 probare
906 2801 1036 2844 non
1076 2802 1363 2865 possum.
1436 2778 1600 2844 Nam
1632 2779 1744 2844 illa
1773 2781 2031 2866 quidem
2057 2788 2214 2846 nota

590 2887 692 2945 est
718 2904 942 2947 verum
971 2880 1365 2948 Graecorum
1408 2901 1447 2941 v
1493 2874 1716 2963 ψιλόν,
1762 2881 1831 2946 id
1876 2892 1996 2964 est,
2052 2882 2213 2947 haec

587 2981 735 3068 ipsa
774 2982 1038 3048 vocalis.
1115 2984 1208 3048 At
1251 3006 1291 3045 u
1339 2982 1666 3049 character
1711 2991 1823 3066 est,
1869 2992 1941 3048 ut
1985 3006 2064 3049 ex
2098 3005 2209 3048 ve-

586 3084 828 3151 teribus
884 3085 1073 3150 etiam
1128 3084 1578 3171 manuscriptis
1634 3085 1960 3151 codicibus
2014 3095 2210 3170 appa-

587 3193 704 3267 ret,
738 3187 1034 3272 antiquus
1058 3185 1348 3253 Graecus
1370 3186 1591 3252 literae
1612 3187 1822 3268 betha,
1848 3208 1979 3251 non
2002 3193 2212 3250 autem

590 3286 993 3371 digammatis
1034 3287 1189 3352 solis
1220 3287 1533 3352 Aeolibus
1565 3287 1728 3367 noti;
1777 3309 1964 3371 quam
1992 3295 2210 3352 notam

586 3393 813 3471 postea
875 3386 1181 3452 librorum
1248 3386 1672 3472 descriptores
1738 3408 2073 3472 perperam
2127 3388 2210 3453 ad
