2634 3992
476 443 595 525 ,vel
634 441 1094 529 Delphinatum
1154 452 1217 508 et
1259 442 1696 510 Sabandorum
1737 445 1960 511 vitium
2005 467 2107 512 se·

491 568 772 630 quamur,
820 545 931 630 qui
974 566 1184 610 errore
1228 546 1547 610 contrario
1592 569 1627 608 o
1671 568 1787 632 pro
1834 569 1915 609 oa
1957 569 2105 632 pro-

486 646 714 728 ferunt,
761 654 832 709 ut
875 669 1016 732 cop,
1060 644 1361 732 beaucop,
1410 648 1491 728 oi,
1545 655 1828 727 tormenl,
1883 645 2108 710 dolour

490 770 606 832 pro
651 771 834 835 ςοιιρ,
875 745 1215 834 beaucoup,
1265 751 1389 823 oui,
1436 756 1761 829 tourment,
1806 746 2086 812 douleur.

1249 1004 1349 1078 Ie.

614 1151 800 1219 Haec
843 1154 1033 1220 etiam
1078 1164 1344 1240 utraque
1398 1154 1644 1219 vocalis
1677 1138 1920 1241 ‘raptim
1960 1175 2109 1238 pro·

487 1254 782 1319 nuntiata
835 1255 1140 1321 coalescit
1201 1256 1270 1319 in
1328 1255 1581 1321 unicam
1647 1256 1973 1341 syllabam,
2040 1256 2111 1318 ut

489 1351 652 1418 hiere
695 1354 946 1440 (zytum
987 1358 1095 1422 vel
1140 1356 1524 1442 sandapila),
1570 1355 1729 1421 tc'ede
1772 1354 2108 1441 (tepidus),

491 1454 848 1540 dissyllaba
911 1466 976 1522 et
1042 1457 1393 1523 foeminina
1444 1456 1660 1522 omnia
1713 1455 2030 1521 adjectiva
2073 1479 2112 1520 a

487 1556 864 1623 masculinis
907 1559 977 1622 in
1020 1560 1128 1637 ier,
1171 1566 1242 1622 ut
1285 1560 1529 1631 entiere,
1571 1558 1877 1635 merc-iere,
1906 1556 2112 1619 cham·

489 1654 717 1730 oriere,
774 1666 911 1723 tum
960 1669 1110 1744 post
1160 1659 1589 1745 diphthongos
1634 1662 1726 1740 ai,
1785 1667 1854 1722 ut
1888 1658 2107 1743 Ῑιίαῇε,

492 1760 576 1839 oi,
604 1767 673 1821 ut
695 1759 857 1841 ioije,
884 1760 1132 1842 ioq'jeux,
1159 1763 1245 1842 ui,
1275 1769 1347 1824 ut
1371 1758 1652 1844 essuq'jer,
1669 1761 1962 1844 ennmjer,
1975 1768 2112 1825 tum

489 1868 640 1926 ante
679 1859 725 1923 d
743 1861 812 1925 in
836 1862 1026 1927 unico
1049 1862 1304 1927 nomine
1333 1862 1491 1947 pied
1512 1864 1700 1948 (pes),
1724 1872 1795 1927 ut
1823 1862 2110 1930 scribunt

489 1969 555 2025 et
583 1963 996 2047 pronuntiant
1023 1963 1268 2049 integre
1300 1964 1576 2046 Picardi,
1610 1974 1743 2029 tum
1781 1974 1928 2030 ante
1962 1961 2004 2045 l,
2041 1970 2111 2028 ut

490 2064 623 2145 ciel,
647 2064 789 2150 fiel,
833 2064 993 2147 miel,
1045 2068 1178 2130 viel.
1266 2065 1498 2131 Itidem
1541 2075 1687 2132 ante
1731 2089 1771 2128 n
1818 2066 1924 2132 vel
1968 2087 2111 2131 cum

486 2163 634 2250 ipsa
676 2166 1070 2253 diphthongo
1124 2167 1524 2246 coalescens,
1580 2174 1650 2230 ut
1701 2164 1858 2248 bien,
1916 2166 2109 2245 chien,

486 2265 555 2331 in
601 2267 832 2351 quibus
873 2276 1088 2334 tamen
1131 2266 1400 2334 vocibus
1446 2267 1720 2333 diximus
1750 2290 1784 2331 e
1812 2276 1883 2330 ut
1911 2268 1935 2328 i
1961 2288 2110 2351 pro-

485 2366 659 2449 ferri,
705 2370 840 2434 acsi
886 2370 1194 2455 scriptum
1241 2368 1325 2433 sit
1366 2365 1510 2450 biin,
1559 2367 1738 2449 chiin,
1776 2367 1883 2432 vel
1926 2387 2110 2451 sepa-

491 2468 675 2532 ratim
734 2478 804 2533 ut
847 2469 1075 2551 chiens,
1127 2473 1324 2537 miene
1377 2468 1762 2554 dissyllaba,
1817 2466 2113 2530 Estienne

490 2568 911 2654 trisyllabum.
1020 2570 1180 2635 Item
1244 2580 1392 2636 ante
1446 2592 1499 2652 r,
1570 2569 1708 2635 sive
1775 2568 1846 2633 in
1889 2566 2112 2683 ’prima

493 2669 762 2753 syllaba,
818 2679 890 2734 ut
944 2674 1295 2736 tiercement
1356 2670 1788 2756 trisyllabum,
1851 2669 1989 2736 sive
2042 2668 2107 2735 in

492 2770 643 2850 fine,
690 2778 760 2834 ut
803 2772 968 2834 acier
1011 2770 1364 2857 (chalybs),
1412 2770 1652 2835 cor-dier
1696 2779 1758 2837 et
1783 2772 1935 2859 fier,
1979 2770 2111 2834 hier

489 2870 951 2955 monosyllaba,
1002 2871 1306 2936 chevalier
1352 2874 1784 2958 trisyllabum,
1818 2874 2109 2958 premier,

475 2974 736 3058 panier,
824 2974 1054 3057 tripier,
1128 2976 1371 3058 requier
1452 2972 1792 3058 (requiro),
1876 2971 2113 3036 brasier

492 3073 819 3160 (prunae),
852 3071 1252 3137 chaussetier.
1296 3072 1548 3159 Excipe
1579 3074 1862 3138 infinitos
1893 3094 2111 3137 omnes

490 3175 718 3241 modos
745 3176 1086 3241 verborum
1115 3174 1468 3240 activorum
1507 3174 1576 3238 in
1606 3176 1695 3236 ier
1724 3173 2109 3254 desinentes,

494 3277 602 3360 qui
646 3299 869 3343 omnes
912 3299 1028 3363 per
1073 3268 1377 3338 διάλυσιν
1420 3275 1840 3361 proferuntur,
1892 3284 1963 3338 ut
1981 3272 2114 3358 fier
