2634 3992
533 255 615 320 72
1033 251 1111 305 De
1144 251 1313 305 litoris
1349 251 1756 322 quiescentibus,

542 409 621 474 ab
666 405 972 472 Hebraea
1022 427 1183 471 voce
1229 406 1350 486 ab,
1396 429 1559 493 quae
1604 405 1914 492 originem
1951 413 2155 488 notat3

534 506 651 573 sed
702 506 1042 572 Hebraeas
1109 506 1420 572 duntaxat
1468 506 1710 593 aliquot
1758 527 1951 571 voces
1994 506 2154 589 finit,

532 617 606 673 ut
647 592 876 689 Jacob,
935 605 1181 672 Nadab.
1268 606 1539 673 Finiens
1585 614 1793 672 autem
1848 607 2158 693 syllabam

532 710 701 775 intra
759 710 968 796 ipsam
1035 708 1404 792 dictionem,
1474 730 1800 794 nunquam
1865 708 2159 774 scribitur

534 811 664 877 nisi
715 812 821 877 vel
863 820 1009 875 ante
1049 831 1082 872 s
1129 809 1427 897 simplex,
1472 819 1544 874 ut
1587 808 1807 874 absent
1848 811 2155 893 (absens),

537 911 840 999 obseques
899 909 1279 996 (exequiae),
1352 918 1417 976 et
1476 920 1629 976 tunc
1679 934 1810 976 non
1864 909 2157 997 quiescit,

533 1013 643 1081 vel
707 1021 855 1078 ante
911 1033 1002 1093 sc,
1064 1020 1128 1077 et
1177 1020 1335 1076 tuno
1384 1012 1829 1100 pronuntiatur
1882 1013 2156 1099 quidem,

538 1113 655 1180 sed
718 1113 811 1177 ita
872 1123 945 1178 ut
1010 1112 1150 1178 eius
1213 1113 1437 1179 literae
1513 1112 1769 1179 siccitas
1834 1114 2159 1197 mitigetur

536 1221 841 1300 quantum
892 1213 1032 1279 fieri
1087 1222 1330 1300 potest,
1385 1224 1457 1279 ut
1510 1212 1732 1277 obscur
1784 1213 2154 1293 (obscurus)

536 1338 684 1381 cum
736 1315 1072 1399 derivatis,
1136 1316 1407 1404 perinde
1457 1338 1625 1402 pene
1669 1314 1805 1380 acsi
1849 1314 2157 1406 scriptum

538 1416 622 1483 sit
678 1438 881 1498 oscur,
936 1418 1045 1483 vel
1103 1428 1249 1484 ante
1302 1427 1385 1500 st,
1440 1427 1502 1484 et
1542 1427 1694 1483 tunc
1736 1415 1843 1486 vel
1886 1413 2160 1500 quiescit

536 1540 830 1606 prorsus,
860 1526 932 1583 ut
951 1519 1021 1584 in
1040 1518 1143 1585 his
1178 1521 1447 1585 vocibus
1482 1517 1719 1583 abstine
1743 1515 2154 1599 (obstinatus)

538 1627 603 1685 et
626 1617 999 1683 obstinatiore
1024 1620 1454 1703 (obstinatio),
1491 1643 1654 1707 quae
1675 1620 2157 1706 pronuntiamus

539 1721 761 1801 ostine,
818 1722 1172 1802 oslination,
1241 1723 1351 1787 vel
1408 1731 1715 1809 quantum
1764 1721 1904 1786 fieri
1946 1726 2161 1807 potest

534 1818 801 1902 lenitur,
866 1829 940 1885 ut
1004 1818 1277 1885 abstenir
1345 1824 1736 1905 (abstinere),
1806 1819 2160 1885 abstinence

535 1918 999 2003 (abstinentia),
1076 1923 1182 1988 vel
1248 1932 1397 1989 ante
1447 1923 1489 2007 j
1541 1931 2023 2003 consonantem,
2088 1929 2160 1986 ut

537 2018 737 2103 object
798 2022 1187 2105 (obiectum),
1249 2033 1314 2090 et
1375 2032 1529 2090 tunc
1579 2024 1771 2110 pleno
1824 2046 1938 2088 suo
1997 2044 2155 2087 sono

542 2120 814 2186 effertur.
903 2123 1079 2190 Ante
1134 2125 1451 2211 digamma
1492 2147 1645 2191 vero
1699 2122 2156 2210 aliquantulum

536 2221 786 2305 lenitur,
857 2232 928 2289 ut
990 2226 1059 2290 in
1129 2224 1338 2290 obvier-
1401 2227 1784 2308 (occurrere)
1865 2224 1959 2290 sic
2022 2221 2156 2289 fere

539 2321 888 2408 efferendo,
961 2335 1032 2391 ut
1105 2327 1161 2391 si
1245 2327 1629 2394 scriberetur
1693 2328 1880 2389 ovier.
1994 2323 2156 2390 Inde

536 2423 995 2492 hemistichion
1048 2426 1206 2491 illud
1251 2426 1819 2493 Gallico-latinum
1884 2424 2159 2492 Omnia

535 2525 744 2591 malo
796 2527 995 2608 viae,
1062 2550 1142 2591 on
1196 2531 1221 2589 i
1271 2551 1313 2590 a
1368 2526 1499 2589 mal
1538 2526 1730 2591 obvie.
1817 2526 2157 2611 Postremo

538 2625 814 2710 quiescit
851 2627 920 2691 in
959 2628 1438 2713 praepositione
1481 2626 1674 2692 soubs
1721 2638 1784 2694 et
1827 2627 2158 2711 dessoubs,

539 2748 703 2812 quae
745 2728 1234 2812 pronuntiantur
1275 2749 1431 2792 sous
1478 2739 1542 2794 et
1583 2728 1874 2795 (lessam.

1123 2964 1131 2972 ,
1225 2879 1342 2957 De
1390 2879 1462 2957 G.

672 3031 723 3092 C
771 3031 1046 3117 quiescit
1104 3040 1251 3098 ante
1295 3056 1355 3118 q,
1414 3043 1485 3099 ut
1527 3038 1827 3121 aequet-ir,
1882 3042 2156 3121 aequest,

539 3134 818 3219 aequiter
872 3142 938 3198 et
998 3133 1261 3216 similia,
1316 3134 1388 3199 in
1451 3135 1681 3221 quibus
1734 3137 1855 3202 etsi
1895 3141 2156 3222 propter

539 3240 797 3319 etymon
852 3234 1179 3317 scribitur,
1244 3234 1453 3321 potuit
1502 3246 1713 3302 tamen
1767 3236 2005 3322 optima
2053 3258 2155 3301 rae
