2634 3992
559 326 641 389 74
1040 321 1118 374 De
1154 321 1320 374 literis
1356 315 1765 390 quiescentibuS.

556 484 631 540 ut
701 472 954 538 adviser
1029 473 1453 556 (deliberare),
1533 471 1710 538 advis
1785 472 2175 557 (sententia).

556 575 612 643 F
615 577 827 641 iniens
848 583 1060 640 autem
1084 574 1425 641 dictionem
1447 575 1738 661 quiescit,
1763 595 2176 661 quaecunque

557 698 924 744 consonans
956 684 1282 762 sequatur,
1316 677 1412 742 sic
1442 685 1590 741 ante
1622 674 1678 756 h,
1711 685 1783 740 ut
1811 672 2029 762 quand
2057 672 2179 738 bon

563 788 763 865 temps
809 776 1086 858 viendra,
1143 785 1207 841 et
1250 786 1397 842 ante
1452 800 1505 858 e,
1559 786 1632 841 ut
1675 776 1893 862 quand
1931 775 2067 840 cela
2111 796 2182 838 se

559 880 730 961 fera,
766 887 830 944 et
860 888 1006 943 ante
1017 878 1080 962 j,
1110 886 1180 942 ut
1207 877 1427 964 quand
1429 878 1680 962 saudra
1711 878 1768 941 le
1797 876 2051 957 monde,
2085 875 2180 940 sic

561 979 1019 1067 pronuntiatis,
1075 978 1209 1043 acsi
1256 980 1566 1066 scriptum
1614 989 1787 1046 esset
1843 1001 2014 1064 quan
2062 975 2181 1039 bon

560 1090 775 1166 tempe,
853 1101 1023 1166 quan
1087 1078 1241 1163 cela,
1309 1103 1479 1166 quan
1527 1079 1811 1163 faudra,
1878 1079 2049 1165 quod
2114 1078 2182 1142 in

557 1180 832 1247 caeteris
887 1181 1387 1246 consonantibus
1443 1182 1582 1247 sine
1627 1181 2003 1266 exceptione
2048 1201 2182 1244 ser-

558 1291 764 1348 vatur.

1253 1434 1498 1511 DeF.

692 1584 991 1650 Diximus
1029 1595 1232 1668 antea,
1277 1585 1446 1651 hanc
1474 1587 1723 1652 literam
1753 1587 1923 1675 apud
1955 1584 2183 1652 Gallos

565 1687 738 1752 idem
778 1685 992 1751 valere
1036 1696 1225 1773 atque
1279 1706 1330 1767 φ
1377 1687 1773 1756 Graecorum
1817 1696 1879 1753 et
1920 1685 2019 1772 ph
2059 1685 2186 1750 La-

563 1788 866 1852 tinorum.
948 1783 1107 1850 Ideo
1149 1787 1219 1850 in
1271 1787 1543 1854 Gallicis
1590 1790 1975 1855 dictionibus
2021 1808 2183 1872 quae

565 1887 870 1953 desinunt
919 1886 1175 1971 proprie
1228 1888 1297 1952 in
1342 1890 1657 1975 digamma
1697 1890 2065 1969 Aeolicum,
2117 1887 2183 1951 id

569 2000 671 2054 est
719 2011 754 2050 v
805 1997 1290 2073 consonantem,
1350 1990 1647 2057 scribitur
1687 1990 1847 2055 haec
1888 1989 2075 2054 litera
2119 1998 2187 2052 ut

565 2088 1066 2176 pronuntianda,
1113 2100 1183 2155 ut
1211 2089 1356 2174 bref
1380 2090 1673 2176 (brevis),
1705 2089 1866 2178 gres
1885 2088 2182 2176 (gravis),

569 2190 688 2274 nef
713 2188 981 2273 (navis).
1028 2188 1160 2257 Sed
1197 2192 1266 2257 in
1305 2192 1674 2259 foemininis
1718 2213 1881 2277 quae
1925 2192 2005 2255 ab
2051 2189 2184 2256 illis

568 2290 945 2357 masculinis
1022 2292 1357 2359 adiectivis
1411 2293 1774 2370 formantur,
1829 2282 2187 2356 restituitur

574 2393 921 2478 digamma,
976 2400 1048 2456 ut
1103 2391 1300 2473 breve,
1337 2416 1565 2481 greve3
1624 2394 1719 2459 sic
1777 2393 1970 2458 etiam
2013 2415 2053 2458 a
2095 2391 2198 2476 vlf

569 2494 823 2578 (vivus)
870 2491 1198 2557 deducitur
1236 2494 1652 2560 foemininum
1681 2496 1818 2559 vive
1860 2504 1925 2561 et
1966 2518 2006 2560 a
2047 2494 2199 2580 na'zf

571 2591 893 2678 (nativus)
936 2591 1238 2657 formatur
1277 2593 1693 2660 foemininum
1734 2601 1935 2661 ηαῖυε.
2008 2595 2187 2663 Usus

572 2703 784 2760 autem
837 2691 1133 2775 obtinuit,
1200 2702 1269 2759 ut
1321 2695 1390 2761 in
1443 2695 1825 2782 quibusdam
1880 2696 2188 2763 eiusmodi

572 2795 904 2863 vocabulis
945 2794 1002 2878 f
1047 2803 1334 2861 servetur
1377 2819 1520 2862 cum
1572 2797 1716 2885 ipso
1772 2799 2185 2884 digammate;

574 2897 862 2965 scribunt
883 2894 1054 2961 enim
1080 2895 1274 2982 vulgo
1304 2921 1437 2963 non
1463 2900 1653 2985 pauci
1683 2897 1912 2981 bregfue,
1934 2896 2186 2985 grqfue,

573 3022 658 3066 ne
701 2996 1003 3064 videlicet
1044 2996 1165 3062 hae
1208 3022 1404 3066 voces
1446 3024 1562 3087 per
1606 2998 2069 3087 diphthongum
2111 3018 2188 3057 eu

573 3098 1097 3190 pronuntientur,
1161 3122 1400 3189 nempe·
1438 3124 1690 3190 grem-e,
1740 3098 1969 3164 bren-e.
2057 3095 2189 3164 Sed

576 3211 833 3274 omnino
878 3198 1114 3267 vitiosa
1155 3211 1257 3267 est
1298 3202 1457 3268 haec
1502 3203 1839 3290 scriptura,
1887 3198 1989 3264 cui
2031 3196 2187 3261 vitio

575 3312 933 3378 mederetur
1014 3306 1346 3371 restitutus
1424 3312 1609 3376 vetus
1687 3301 1795 3366 ille
1864 3299 2190 3365 character
