2634 3992
576 383 653 449 18
1175 382 1254 449 De
1297 383 1583 436 vocalibus.

572 535 764 600 colet
792 559 908 598 coa
943 535 1256 621 (collum),
1285 533 1402 619 sol
1442 545 1505 601 et
1530 535 1660 617 fou
1708 535 2021 620 (stultus),
2066 538 2200 601 mol

573 645 638 702 et
671 660 818 700 mou
863 635 1152 721 (mollis),
1183 637 1337 702 licet
1380 659 1632 723 semper
1676 638 2027 705 scribamus
2072 639 2188 714 col,

553 736 685 823 fol,
731 738 874 816 mol,
917 738 1088 803 unde
1118 737 1279 801 colet
1306 735 1709 822 (cervicula),
1736 739 1903 821 folle
1933 740 2190 825 (stulta)

571 847 636 905 et
662 838 848 903 molle
877 839 1067 923 (haec
1094 839 1356 923 mollis).
1418 840 1511 903 At
1537 839 1665 904 illis
1708 841 2005 906 contrarii
2033 841 2191 907 Del-

566 939 860 1025 phinates
907 948 971 1005 et
1010 939 1449 1006 Provinciales
1508 963 1669 1027 quos
1712 949 1976 1022 vocant,
2040 943 2190 1007 sub-

568 1042 699 1107 lata
741 1064 782 1104 ιι
823 1041 1034 1107 vocali
1079 1064 1159 1106 ex
1202 1041 1593 1128 diphthongo
1639 1065 1740 1119 ou,
1795 1042 2084 1107 scribunt
2126 1051 2190 1108 et

567 1142 790 1228 legunt
829 1165 944 1228 cop
979 1143 1215 1227 (ictus),
1262 1142 1539 1228 beaucop
1589 1142 1923 1226 (multum),
1972 1141 2190 1206 doleat·

571 1242 821 1328 (dolor),
857 1252 1119 1308 tormen!
1147 1245 1600 1327 (tormentum),
1633 1267 1750 1330 pro
1783 1267 1965 1328 coup,
1998 1242 2187 1305 beau-

569 1367 753 1430 coup,
815 1342 1098 1422 douleur,
1150 1353 1474 1408 tourment.
1564 1342 1677 1411 Sic
1733 1344 2016 1412 Sabaudi
2069 1367 2184 1429 pro

569 1449 692 1524 oui,
745 1446 839 1510 ita
876 1446 1289 1531 pronuntiant
1341 1451 1405 1510 οἳ
1447 1469 1564 1533 per
1609 1446 1904 1531 dialysin.
1994 1443 2185 1510 Occi-

566 1548 700 1612 tani
742 1568 916 1628 vem,
959 1569 1191 1612 nomen
1237 1547 1428 1612 etiam
1470 1546 1621 1611 inde
1667 1547 1899 1633 adepti,
1946 1570 2027 1611 ex
2070 1569 2186 1612 ne·-

567 1656 758 1733 gante
789 1646 1042 1714 Graeca
1067 1648 1382 1733 particula
1413 1639 1553 1730 οὗκ,
1587 1670 1626 1711 a
1653 1648 1884 1713 vicinis
1912 1647 2184 1714 fortasse

564 1748 1083 1814 Massiliensibus
1164 1747 1434 1815 Graecis
1518 1756 1811 1836 accepta,
1898 1748 2186 1814 fecerunt

563 1849 766 1935 (quod
825 1849 1053 1915 mirum
1121 1848 1246 1932 est)
1320 1849 1739 1915 affirmantem
1808 1849 2184 1935 particulam

566 1974 639 2013 oc
681 1972 796 2034 pro
829 1951 939 2012 oui
977 1949 1138 2032 (ita):
1184 1972 1347 2035 quae
1378 1973 1599 2017 omnes
1629 1950 2182 2037 pronuntiationes

564 2051 836 2116 vitiosae
880 2058 1029 2115 sunt
1075 2058 1139 2114 et
1180 2075 1366 2119 aures
1405 2052 1804 2119 Francorum
1840 2050 2184 2117 vehemen-

561 2162 661 2218 ter
702 2150 1048 2217 offendunt.

1185 2304 1578 2381 Vqu.

690 2457 877 2524 Haec
914 2457 1116 2539 litera,
1163 2480 1356 2543 quum
1400 2465 1498 2522 est
1539 2455 1803 2537 vocalis,
1849 2464 1950 2521 est
1977 2454 2182 2522 Grae-

566 2583 781 2627 corum
820 2559 1096 2645 ypsilon‚
1142 2560 1312 2645 quod
1353 2559 1500 2643 ipsa
1546 2578 1800 2642 quoque
1840 2557 2047 2641 figura
2084 2565 2181 2631 te-

565 2671 794 2743 statur,
861 2660 1239 2746 efferturque
1291 2658 1489 2725 veluti
1560 2658 1746 2723 sibilo
1817 2657 2180 2724 constrictis

560 2763 758 2829 labris
803 2761 1012 2827 efflato
1026 2813 1043 2844 ‚
1088 2762 1258 2825 unde
1299 2760 1554 2842 factum,
1601 2767 1672 2823 ut
1710 2757 1996 2824 Hebraei
2046 2781 2181 2825 non

561 2864 728 2928 inter
763 2863 1045 2929 vocales'
1067 2862 1203 2929 sive
1244 2862 1599 2948 gutturales
1645 2882 1803 2948 quas
1836 2859 2177 2946 appellant,

564 2965 680 3030 sed
721 2965 886 3029 inter
925 2964 1195 3030 labiales
1241 2974 1673 3030 consonantes
1716 2963 1882 3027 hanc
1925 2982 2179 3046 quoque

559 3066 848 3148 alteram,
914 3075 1060 3131 ante
1108 3073 1362 3152 reperta
1415 3087 1580 3150 quae
1631 3071 1867 3129 vocant
1918 3069 2175 3149 puncta,

559 3191 691 3234 non
711 3168 1022 3233 immerito
1044 3165 1451 3231 numerarint.
1522 3165 1736 3233 Sonus
1771 3171 1983 3229 autem
2003 3161 2178 3227 illius

557 3268 848 3355 proxime
912 3267 993 3331 ad
1065 3265 1437 3331 tenuitatem
1503 3268 1528 3327 i
1588 3265 1831 3331 vocalis
1899 3261 2179 3343 accedit;

559 3369 962 3454 quamobrem
1006 3368 1193 3432 etiam
1231 3364 1596 3451 promiscue
1636 3373 1886 3430 veteres
1907 3363 2183 3431 Romani
