2634 3992
1146 357 1249 419 Au,
1289 373 1367 410 a0.
1987 354 2070 421 49

449 509 737 589 sonantis
793 508 1174 573 scriberetur
1226 530 1434 593 povre
1501 516 1565 573 et
1606 517 1901 592 povrele,
1967 508 2073 573 vel

445 633 562 696 per
605 633 690 672 αα
735 608 1195 695 diphthongum
1240 630 1494 693 pauore
1538 617 1600 673 et
1629 618 1958 693 pauvrete,
2003 620 2075 675 ut

446 710 639 776 hodie
694 710 984 774 nonnulli
1045 709 1350 775 scribunt.
1399 703 1667 793 'Itaque
1721 719 1790 774 ut
1847 710 1928 774 ad
1979 711 2072 774 di-

446 811 841 897 phthongum
864 834 948 873 au
963 823 1262 893 revertar,
1279 834 1361 897 qu
1372 835 1476 874 um
1496 810 1682 876 initio
1696 811 2076 876 scriberetur

453 921 517 977 et
560 911 884 977 efferretur
923 935 1040 998 per
1069 937 1170 985 αο,
1216 937 1405 1000 quam
1447 912 1868 998 prolationem
1911 913 2076 978 Nor-

449 1014 668 1078 manni
719 1013 1020 1096 retinent,
1089 1039 1126 1077 o
1177 1015 1484 1101 paulatim
1540 1014 1611 1079 in
1676 1038 1717 1077 u
1770 1023 2078 1079 mutatum

453 1115 605 1197 fuit,
672 1117 842 1182 unde
884 1116 1142 1181 tandem
1184 1118 1376 1182 tertia
1414 1116 1606 1182 hodie
1649 1116 1888 1182 usitata
1928 1139 2077 1202 pro·

450 1215 606 1281 latio
647 1225 801 1282 nata
844 1227 960 1300 est,
1017 1241 1058 1281 a
1112 1220 1341 1284 extrito
1398 1229 1461 1283 et
1501 1218 1624 1282 hac
1668 1217 2077 1303 diphthongo

453 1327 525 1382 ut
578 1343 613 1381 o
672 1319 942 1405 simplex
991 1323 1420 1406 pronuntiata.
1511 1318 1645 1385 Sed
1694 1317 1801 1382 hic
1862 1318 2079 1382 obser-

453 1420 732 1484 vandum
763 1431 884 1502 est,
920 1420 975 1485 si
1017 1420 1184 1487 hanc
1229 1423 1607 1507 scripturam
1648 1418 1935 1505 proxime
1979 1439 2081 1482 se-

457 1531 688 1604 quatur
717 1520 932 1605 aliqua
958 1521 1221 1603 vocalis,
1264 1532 1417 1586 tunc
1460 1521 1701 1585 nullum
1745 1540 1888 1584 esse
1932 1516 2081 1582 huic

459 1619 855 1706 diphthongo
897 1621 1136 1704 locum,
1191 1623 1309 1688 sed
1353 1646 1387 1686 v
1436 1645 1581 1687 esse
1624 1627 2082 1686 consonantem

461 1745 652 1806 quam
692 1722 1007 1807 digamma
1032 1724 1369 1790 Aeolicum
1412 1722 1800 1803 vocavimuS,
1848 1730 1913 1786 et
1940 1741 2082 1784 cum

459 1821 574 1886 illa
615 1822 902 1908 proxime
960 1835 1265 1910 sequente
1319 1826 1528 1891 vocali
1585 1824 1957 1902 cohaerere,
2013 1830 2085 1885 ut

463 1945 657 1986 avare
687 1925 998 2007 (avarus),
1045 1936 1345 1991 aventure
1388 1927 1688 2011 (eventus
1731 1923 2079 2007 fortuitus),

470 2027 692 2090 aviron
726 2027 1022 2112 (remus),
1068 2038 1321 2092 avorter
1351 2028 1709 2111 (abortire),
1741 2028 1919 2089 avoir
1945 2024 2085 2105 (ha-

463 2127 665 2212 bere),
709 2129 1052 2215 Auvergne
1082 2129 1474 2213 (Alvernia).
1539 2127 1884 2193 Praeterea
1911 2124 2087 2190 istud

467 2250 719 2313 quoque
776 2230 1307 2313 praetereundum
1357 2254 1490 2296 non
1557 2238 1682 2310 est,
1759 2227 1927 2291 hanc
1992 2225 2086 2290 di-

464 2329 861 2416 phthongum
891 2332 1267 2418 saepissime
1309 2333 1494 2397 nasci
1529 2353 1609 2396 ex
1642 2328 1711 2392 al
1741 2327 1991 2415 syllaba
2019 2326 2088 2390 in

469 2429 772 2496 derivatis
843 2455 884 2497 a
954 2431 1187 2498 Latino
1263 2455 1555 2499 sermone
1627 2428 1945 2509 deductis,
2020 2435 2091 2491 ut

470 2528 677 2594 aultre
706 2532 784 2596 ab
816 2534 1051 2614 alter,
1091 2533 1273 2598 haul!
1299 2535 1379 2600 ab
1411 2537 1655 2614 altuS,
1705 2540 1770 2596 et
1797 2528 1923 2594 alia
1947 2527 2089 2613 plu-

469 2629 658 2710 rima,
707 2631 802 2698 sic
850 2644 1062 2701 tamen
1105 2645 1175 2700 ut
1229 2636 1287 2701 si
1342 2635 1688 2703 occurrerit
1749 2632 1818 2695 in
1869 2629 2091 2694 ultima

473 2730 738 2816 syllaba,
785 2745 1071 2801 servetur
1111 2738 1180 2802 in
1220 2748 1398 2804 recto
1445 2734 1771 2824 singulari,
1815 2740 2092 2796 mutetur

472 2841 684 2897 autem
711 2832 779 2897 in
809 2856 894 2897 aa
921 2836 991 2899 in
1017 2837 1268 2922 plurali,
1299 2849 1371 2902 ut
1400 2839 1529 2900 mal
1556 2836 1864 2917 (malum),
1902 2855 2092 2895 mazca:

474 2933 720 3016 (mala),
774 2934 993 2998 cheval
1034 2937 1406 3022 (caballus),
1454 2937 1731 3000 chevaux
1776 2933 2089 3018 (caballi).

472 3035 808 3101 Postremo
864 3047 928 3101 et
968 3037 1128 3101 illud
1182 3046 1281 3103 est
1335 3037 1826 3116 observandum,
1884 3056 2095 3098 errore

473 3137 709 3202 factum
738 3145 810 3201 ut
829 3137 898 3203 in
924 3138 1134 3204 futuro
1164 3138 1499 3203 indicativi
1528 3146 1591 3202 et
1612 3134 1954 3222 praeterito
1977 3135 2095 3198 im-

474 3238 757 3322 perfecto
813 3240 1205 3307 conjunctivi
1257 3241 1338 3306 ab
1390 3239 1640 3304 infinito
1685 3235 1871 3301 modo
1916 3235 2099 3300 verbi

477 3338 767 3407 habere
820 3366 857 3406 v
925 3364 1288 3410 consonans
1352 3351 1658 3426 tanquam
1721 3336 1965 3404 vocalis
2029 3336 2100 3401 in

1758 3444 1793 3493 4
