2634 3992
575 363 617 426 4
1215 358 1574 415 Praefatio.

573 537 716 580 rum
754 514 1114 602 linguarum
1163 515 1425 601 peritia,
1484 515 1622 583 sive
1666 515 1981 581 variarum
2032 523 2200 579 terra

573 615 860 702 marique
902 618 1186 702 gentium
1225 618 1459 685 notitia
1499 616 1936 683 conferendos.
2008 613 2200 697 Quod

574 716 632 783 si
684 717 985 789 reducem
1034 719 1103 784 in
1151 719 1419 805 patriam
1470 728 1599 784 tam
1648 717 1931 804 preciosi
1982 717 2199 784 sundi-

571 840 697 904 que
751 820 1079 886 convectis
1130 820 1450 887 mercibus
1504 820 1886 905 locupletem
1940 840 2199 885 cernere

569 919 678 986 vel
729 920 826 985 illi
877 943 1207 1005 nunquam
1259 920 1418 986 satis
1470 920 1726 986 laudato
1777 920 1918 985 viro
1968 919 2200 985 illustri

572 1030 683 1086 tuo
724 1021 993 1107 parenti,
1036 1021 1313 1088 Domino
1340 1019 1626 1087 ‚Iohanni
1651 1041 1987 1106 procerum
2024 1019 2210 1086 Man—

577 1121 910 1189 chionatus
938 1121 1270 1189 Moraviae
1309 1122 1678 1209 praecipue,
1721 1119 1830 1187 vel
1862 1120 2037 1187 omni
2069 1121 2200 1186 vir.-

572 1231 708 1290 tute
736 1223 933 1289 multo
978 1223 1168 1288 etiam
1208 1224 1413 1309 magis
1458 1246 1652 1310 quam
1685 1221 1937 1308 generis
1966 1220 2206 1287 nobili-

571 1332 703 1390 tate
743 1334 969 1410 patruo
1002 1324 1227 1390 itidem
1256 1334 1368 1391 tuo
1395 1325 1482 1391 D.
1509 1323 1793 1392 ‚Iohanni
1822 1321 2195 1407 conspicere

570 1425 890 1508 licuisset,
944 1425 1127 1493 Deus
1170 1427 1367 1510 bone,
1414 1435 1650 1513 quanta-
1689 1424 1785 1490 illi
1826 1432 1891 1489 te
1930 1422 2192 1504 laetitia,

569 1536 706 1594 tota
744 1528 923 1614 ipsi&
953 1529 1434 1613 congratulante
1475 1527 1700 1616 patria,
1754 1524 2196 1611 excepissent?

569 1629 665 1695 At
718 1629 866 1695 illos
924 1628 1113 1696 Deus
1159 1629 1312 1717 opt.
1361 1629 1538 1696 Max.
1592 1630 1662 1694 in
1712 1628 1974 1695 meliore
2024 1649 2212 1693 nunc,

571 1729 784 1815 quiete
827 1729 1186 1797 collocavit.
1270 1730 1494 1797 Patria
1533 1753 1700 1798 veroa
1736 1738 1831 1812 te,
1887 1738 1992 1796 sat
2038 1730 2198 1811 scio,

571 1838 653 1896 et-
684 1829 761 1895 in
807 1852 886 1896 ea
934 1830 1195 1916 quidem
1238 1831 1552 1917 imprimis
1598 1830 1872 1896 illustris
1908 1831 2024 1896 ille
2057 1830 2210 1915 Do·-

569 1929 815 2013 minus,
871 1930 1195 1998 Dominus
1242 1931 1644 2013 FridericuS,
1713 1931 1874 1999 alter
1931 1951 2012 1995 ex
2062 1930 2193 1996 tuis

573 2032 821 2100 (luobus
860 2032 1113 2119 patruis
1143 2033 1349 2101 adhuc
1376 2055 1492 2120 per
1516 1982 1658 2098 Dei
1674 2031 1942 2117 gratiam
1974 2051 2194 2114 super-
2197 2066 2212 2077 ἢ

572 2140 757 2212 stes,
789 2134 973 2200 velut
1018 2133 1287 2201 intentis
1334 2134 1406 2201 in
1455 2143 1526 2199 te
1573 2132 1821 2214 oculis«,
1868 2138 2189 2217 expectat.

567 2233 728 2299 illud
775 2234 1081 2301 nimirum
1128 2257 1423 2321 speram,
1482 2235 1554 2299 in
1606 2256 1729 2320 quo
1787 2256 1967 2319 spem
2018 2232 2191 2298 illius

568 2334 852 2418 (favente
876 2336 1051 2420 Deo)
1079 2359 1211 2401 non
1237 2336 1425 2403 modo
1456 2334 1822 2417 sustinebis,
1856 2334 1972 2400 sed
2001 2334 2208 2401 etiam.

563 2436 756 2522 longe
812 2437 1068 2524 lateque
1125 2418 1498 2524 superabis:
1556 2436 1692 2502 fore
1756 2436 2052 2501 nimirum
2100 2444 2189 2518 ut,

562 2546 831 2623 peracta,
874 2539 1131 2605 tandem
1181 2561 1386 2624 usque
1445 2539 1622 2605 adeo
1660 2538 1970 2603 diuturna
2007 2560 2194 2624 pere-

564 2638 940 2723 grinatione,
984 2642 1254 2724 majores
1295 2640 1444 2707 illos
1471 2650 1637 2723 tuos,
1684 2639 2021 2727 splendida
2046 2638 2191 2706 Mo-

561 2738 780 2805 taviae
824 2747 888 2804 et
925 2739 1279 2806 vicinarum
1319 2742 1650 2827 regionum
1692 2743 1953 2827 lumina,
2003 2766 2190 2830 prae-

564 2840 782 2907 sertim
836 2841 1010 2925 quod
1062 2842 1144 2908 ad
1185 2843 1487 2929 pietatem
1542 2853 1956 2931 caeterasque
1998 2867 2190 2910 veras

560 2939 833 3008 virtutes
885 2942 1140 3025 attinet,
1194 2943 1519 3010 redivivos
1572 2945 1642 3012 in
1692 2954 1758 3012 te
1803 2945 2184 3032 conspiciat:

563 3051 637 3110 etz
666 3042 919 3130 reipsa,.
965 3068 1199 3131 magno,
1242 3067 1387 3112 cum
1430 3057 1797 3114 ornamento
1843 3057 1908 3113 et
1951 3044 2186 3110 emolu-

557 3152 772 3212 mento
829 3170 965 3229 suo,
1011 3146 1196 3214 donis
1238 3147 1311 3213 in
1357 3156 1421 3213 te
1469 3148 1777 3235 singulari
1817 3145 1947 3212 Dei
1988 3144 2184 3209 bene-

555 3246 705 3313 ficio
752 3247 1000 3313 collatis
1043 3248 1383 3335 aliquando
1426 3250 1800 3335 perfruatur.
1886 3244 1976 3312 Et
2024 3244 2196 3309 haee.

558 3347 817 3430 quidem
840 3348 1022 3416 Deus
1055 3348 1203 3434 Opt.
1233 3348 1408 3416 Max.
1438 3349 1679 3415 utinam
1710 3353 1852 3413 rata
1896 3354 1960 3413 et
1998 3347 2184 3414 firma
