2634 3992
605 374 684 438 10
1030 372 1309 427 Francicus
1347 375 1792 443 pronuntiationis

599 534 671 591 ut
703 548 899 591 annes
928 526 1215 611 (annus),
1261 550 1343 603 rr,
1387 535 1459 592 ut
1486 539 1645 592 terre
1674 529 1928 613 (terra),
1974 529 2212 595 nullam

501 619 504 621 Α
600 627 983 712 geminatam
996 629 1846 713 consonantempronuntiet.
1877 629 2210 696 Postremo

597 727 782 795 Italis
838 729 1092 815 quidem
1151 738 1224 795 ut
1271 729 1646 798 Francicam
1702 732 1983 818 linguam
2036 740 2210 798 recte

600 839 848 912 sonent,
893 829 1179 897 cavenda
1208 838 1307 897 est
1334 831 1447 896 illa
1471 832 1542 896 in
1569 831 2037 918 pronuntiando
2069 855 2212 918 grae-

597 932 766 998 vitas
805 954 967 1018 quae
996 932 1067 998 in
1094 932 1583 1017 penultimarum
1611 933 1985 1018 praesertim
2018 934 2214 1021 sylla-

597 1032 823 1098 barum
847 1033 1264 1118 productione
1295 1033 1589 1114 sentitur3
1630 1032 1969 1100 Germanis
1999 1042 2212 1101 autem

595 1133 793 1198 multo
839 1134 1027 1200 etiam
1069 1134 1273 1220 magis
1314 1133 1618 1220 fugienda
1655 1143 1755 1200 est
1781 1143 1916 1200 tum
1943 1135 2057 1201 illa
2082 1144 2211 1201 tar-

597 1232 764 1301 ditas
807 1235 881 1299 in·
918 1235 1188 1322 singulis
1227 1258 1393 1321 pene
1435 1235 1820 1302 dictionibus
1857 1259 2080 1303 vocem
2123 1237 2211 1302 si-

570 1326 775 1403 3stens
839 1346 904 1403 et
959 1338 1215 1427 tandem
1262 1338 1333 1403 in
1387 1345 1665 1402 extrema
1715 1337 1979 1423 periodo
2025 1338 2211 1425 qnasi

568 1426 574 1471 ἶ
594 1437 878 1523 pondere
900 1438 1174 1524 quodam
1198 1437 1579 1503 delassatam
1598 1437 2049 1524 praecipitans,
2074 1447 2211 1503 tum

595 1538 789 1604 etiam
830 1540 901 1604 in
941 1539 1145 1605 literis
1184 1539 1448 1604 nimium
1486 1539 1732 1607 fortiter
1781 1538 2211 1624 exprimendis

554 1682 559 1693 ·
597 1640 910 1726 asperitas
978 1663 1379 1726 summopere
1434 1640 1715 1706 vitanda.
1819 1639 2212 1705 Francorum

578 1743 766 1812 ‚enim
806 1750 879 1807 ut
916 1741 1178 1827 ingenia
1217 1741 1405 1807 valde
1438 1741 1697 1807 mobilia
1726 1749 1891 1823 sunt,
1917 1741 2027 1806 ‘ita
2054 1762 2210 1826 quo-

597 1864 721 1927 que
772 1844 1206 1929 pronuntiatio
1260 1842 1592 1908 celerrima
1644 1850 1771 1923 est,
1829 1842 2004 1907 nullo
2059 1864 2210 1907 con-

597 1944 958 2010 sonantium
1000 1966 1314 2011 concursu
1357 1943 1748 2028 confragosa,
1800 1942 2209 2027 paucissimis

596 2045 807 2131 longis
838 2044 1105 2131 syllabis
1134 2045 1482 2126 retardata,
1528 2042 1752 2109 eodem
1781 2048 2001 2107 tenore
2032 2041 2211 2108 deni-

596 2168 720 2232 que
772 2146 1099 2213 volubilis:
1167 2145 1695 2224 consonantibus,
1755 2142 1814 2207 si
1867 2143 2211 2209 dictionem

595 2247 873 2334 aliquam
915 2250 1334 2329 terminarint,
1390 2247 1485 2313 sic
1539 2243 2022 2311 cohaerentibus
2066 2265 2211 2309 cum

592 2349 900 2435 proximis
945 2351 1211 2417 vocibus
1257 2374 1296 2415 a
1336 2349 1547 2415 vocali
1598 2344 2084 2432 incipientibus,
2138 2352 2211 2409 ut

591 2451 843 2537 integra
867 2452 1181 2517 interdum
1219 2450 1553 2531 sententia,
1595 2448 1766 2514 haud
1804 2469 1989 2512 secus
2022 2469 2209 2533 quam

595 2552 653 2618 si
694 2553 952 2617 unicum
983 2560 1156 2617 esset
1181 2550 1559 2616 vocabulum
1588 2548 1899 2614 efferatur.
1970 2547 2208 2613 Exem-

591 2652 686 2738 pli
730 2653 960 2738 gratia,
1013 2661 1149 2717 tota
1191 2651 1351 2715 haec
1395 2650 1738 2731 sententia,
1793 2654 1869 2715 Je
1901 2648 2207 2737 parler-ay

595 2751 840 2817 demain
894 2754 933 2816 ὰ
986 2773 1144 2816 vous
1191 2752 1229 2813 ὰ
1269 2749 1389 2814 bon
1429 2752 1659 2814 escient
1697 2751 1738 2814 ὰ
1780 2751 1948 2816 Izuict
1983 2751 2206 2815 Ileates

594 2851 678 2918 du
726 2856 945 2925 malin,
1005 2852 1126 2917 etsi
1179 2851 1446 2939 syllabis
1483 2852 1934 2935 novendecim,
1991 2860 2208 2917 tamen

590 2955 892 3022 brevibus
936 2952 1229 3018 omnibus
1265 2962 1537 3037 constat,
1581 2963 1804 3041 estque
1837 2975 1962 3018 uno
1993 2974 2069 3017 ac
2099 2972 2207 3016 eo-

592 3055 738 3122 dem
758 3064 979 3121 tenore
1003 3054 1185 3140 quasi
1211 3055 1518 3121 connexis
1546 3056 1713 3121 inter
1742 3076 1812 3120 se
1841 3052 2205 3140 proceleus-

589 3157 838 3222 maticis
885 3152 1288 3235 enuntianda,
1333 3155 1402 3220 in
1447 3179 1573 3243 qua
1611 3156 1864 3241 linguae
1908 3151 2204 3218 volubili-

589 3264 717 3322 tate
769 3266 839 3321 ut
880 3255 1168 3343 plurimis
1214 3256 1357 3322 aliis
1388 3257 1458 3322 in
1485 3259 1675 3323 rebus
1704 3256 1867 3320 mira
1895 3251 2205 3338 quaedam

590 3364 690 3419 est
731 3358 893 3422 inter
936 3355 1254 3424 Graecum
1305 3366 1369 3423 et
1415 3355 1795 3421 Francicum
1848 3375 2206 3418 sermonem
