2634 3992
585 325 666 390 66
991 324 1068 378 De
1103 325 1272 380 literis
1307 328 1723 397 quiescentibus,

709 476 832 544 ῙΠ.
901 477 1198 561 Quiescit
1250 490 1522 547 coeunte
1586 483 1794 550 vocali
1845 485 1870 545 i
1909 491 1973 548 et
2016 506 2057 545 n
2124 483 2210 549 ad

583 580 1092 647 constituendam
1158 582 1473 669 syllabam
1545 583 1841 665 eandem,
1919 594 1993 648 ut
2038 587 2207 671 pain

582 679 852 769 (panis),
899 683 1066 745 ainsi
1095 682 1269 769 (ita),
1313 686 1519 749 sainct
1561 684 1906 769 (sanctus),
1950 686 2020 750 in
2065 686 2206 772 qui-

579 783 703 850 bus
743 806 781 845 a
809 805 941 848 non
984 783 1252 848 auditur.
1322 783 1790 872 Campanorum
1833 810 1987 853 vero
2030 788 2206 853 istud

582 892 682 949 est
743 884 1096 970 proprium,
1164 887 1334 971 quod
1395 887 1464 951 in
1514 886 1617 953 his
1670 888 2003 955 vocabulis
2055 912 2204 976 pro-

577 985 875 1050 nuntiant
945 985 1407 1073 diphthongum
1474 992 1542 1052 ai
1555 1042 1572 1070 ,
1648 989 1717 1054 id
1771 997 1869 1056 est
1926 1012 1960 1053 e
2032 991 2204 1075 quod

577 1096 863 1173 apertum
905 1087 1310 1171 vocavimus,
1367 1099 1438 1154 ut
1471 1114 1633 1177 pen,
1687 1113 1854 1171 men,
1911 1112 2027 1176 pro
2074 1113 2201 1177 quo

578 1185 728 1252 Itali
781 1210 899 1273 per
950 1210 1022 1269 a,
1080 1210 1225 1274 pan
1283 1198 1349 1255 et
1402 1215 1566 1257 man.
1680 1191 1810 1260 Sed
1864 1191 1922 1256 si
1966 1215 2007 1254 n
2053 1213 2202 1258 sese

575 1288 880 1375 adiungat
930 1291 1223 1376 sequenti
1266 1292 1510 1374 vocali,
1567 1300 1722 1357 tunc
1764 1290 2198 1378 diphthongus

575 1391 643 1451 ai
678 1397 815 1456 tota
854 1392 1324 1477 pronuntiatur.
1400 1391 1511 1460 Sic
1556 1392 1831 1460 dicimus
1871 1391 1940 1456 in
1984 1390 2199 1457 adiec-

577 1491 712 1557 tivo
741 1493 1094 1558 masculino
1138 1496 1313 1575 vain,
1359 1495 1545 1581 quasi
1590 1495 1896 1582 scriptum
1937 1492 2025 1558 sit
2066 1494 2193 1575 vin,

580 1615 619 1655 a
657 1592 868 1659 vocali
918 1594 1021 1659 vel
1062 1617 1326 1680 prorsus
1371 1595 1746 1682 quiescente
1799 1595 1905 1660 vel
1948 1593 2201 1661 exiliter

579 1694 913 1760 admodum
956 1704 1258 1778 sonante,
1314 1706 1382 1762 at
1422 1698 1491 1761 in
1531 1696 1881 1763 foeminino
1926 1696 2197 1761 dicimus

581 1797 763 1859 vaine
817 1804 881 1861 et
923 1795 1217 1862 similiter
1257 1799 1504 1862 semine
1547 1796 1854 1882 (serena),
1916 1796 2013 1863 sie
2054 1799 2197 1862 sain

576 1894 855 1982 (sanus),
899 1897 968 1962 in
1007 1897 1354 1965 foeminino
1399 1901 1579 1963 suine
1622 1898 1863 1984 (sana).

1248 2051 1366 2128 De
1419 2051 1508 2125 E.

699 2201 763 2265 E
828 2203 1104 2290 quiescit
1165 2203 1455 2269 similiter
1516 2202 1587 2266 in
1650 2198 2043 2287 diphthongo
2109 2198 2185 2279 ei,

574 2315 882 2392 sequente
934 2329 974 2369 n
1027 2306 1096 2371 in
1127 2306 1348 2372 eadem
1378 2302 1656 2389 syllaba,
1701 2309 1771 2365 ut
1796 2301 1978 2387 plein
2023 2299 2187 2388 (ple-

570 2406 741 2489 nus),
787 2406 970 2493 quasi
1006 2407 1314 2494 scriptum
1343 2404 1428 2471 sit
1438 2402 1612 2490 plin3
1659 2409 1879 2468 contra
1919 2424 2076 2468 vero
2116 2401 2189 2470 in

568 2506 914 2573 foeminino
992 2506 1293 2573 exteritur
1359 2508 1409 2587 i;
1466 2503 1951 2591 pronuntiamus
2018 2503 2188 2569 enim

573 2617 636 2673 et
678 2608 1016 2675 scribimus
1048 2607 1259 2693 plene.

694 2708 783 2774 H.
830 2707 1163 2795 Superflua
1190 2716 1290 2773 est
1315 2706 1478 2774 haec
1503 2707 1692 2773 litera
1734 2715 1800 2772 et
1824 2705 2084 2788 merito,
2129 2704 2189 2771 si

565 2810 727 2876 ratio
775 2809 918 2876 usui
963 2808 1408 2890 dominaretur,
1457 2806 1880 2895 expungenda
1930 2806 2001 2872 in
2045 2805 2187 2894 qui·

566 2911 838 2978 busdam
889 2910 1243 2993 vocabulis,
1299 2920 1373 2976 ut
1413 2913 1547 2975 sein
1593 2908 1856 2995 (sinus),
1918 2905 2186 2995 peindre

569 3014 904 3101 (pingere),
944 3010 1190 3076 ceindre
1218 3011 1550 3098 (cingere),
1582 3014 1836 3076 veincre·
1849 3009 2180 3094 (vincere),

544 3114 806 3200 feindre
847 3114 1159 3201 (fingere),
1232 3113 1503 3180 docente
1551 3122 1793 3200 etymo,
1837 3120 2074 3176 temere
2117 3116 2183 3173 et

564 3239 681 3304 per
708 3217 974 3283 abusum
1001 3217 1252 3282 literam
1282 3238 1317 3280 e
1344 3214 1413 3279 in
1436 3213 1597 3280 haec
1624 3211 1938 3280 vocabula
1977 3210 2181 3295 irrep-

565 3318 750 3385 sisse.
