2634 3992
428 1045 676 1111 Illustri
720 1054 784 1110 et
821 1045 891 1109 in
940 1043 1160 1130 primis
1204 1065 1517 1128 generoso
1560 1041 1869 1123 Domino,
1923 1041 2059 1107 Do-

423 1148 594 1213 mino
649 1144 922 1227 Cardo,
987 1145 1228 1212 Baroni
1281 1169 1323 1210 a
1372 1143 1667 1224 Zerotin,
1722 1143 2057 1226 Namestii‚

429 1247 694 1331 Rosicii‚
726 1247 1113 1330 Branda'isii,
1142 1247 1445 1327 Domino,
1477 1243 1854 1310 Theodorus
1883 1243 2061 1310 Beza

919 1348 985 1417 S.
1032 1347 1107 1412 P.
1154 1347 1225 1411 in
1264 1347 1570 1412 Domino,

552 1513 958 1619 Tuorumne
1010 1553 1214 1639 magis
1266 1553 1337 1617 in
1387 1559 1454 1615 te
1509 1548 1904 1617 instituendo
1957 1572 2060 1617 sa-

421 1653 759 1740 pientiam,
821 1677 904 1718 an
956 1662 1129 1719 tuam
1178 1654 1248 1719 in
1303 1653 1610 1719 discendo
1668 1651 2061 1736 diligentiam

426 1755 698 1820 admirer
733 1755 975 1837 nesci0,
1018 1754 1295 1821 Elustris
1322 1754 1602 1820 Domine
1629 1752 1820 1820 Baro.
1892 1753 2059 1819 Nam

426 1855 525 1920 ini
567 1855 852 1941 profecto
898 1855 1370 1942 sapientissime
1412 1855 1779 1921 iudicarunt
1826 1856 2057 1922 nobili-

422 1957 544 2024 bus
606 1958 982 2043 praesertim
1033 1957 1190 2024 viris
1256 1956 1693 2023 necessariam
1748 1979 1893 2023 esse
1947 1980 2058 2024 ex-

419 2065 695 2124 terarum
759 2081 1014 2145 quoque
1075 2081 1285 2123 rerum
1353 2058 1814 2142 coguitionem,
1891 2081 2056 2145 quae
2098 2109 2101 2113 .

419 2181 631 2246 neque
676 2160 945 2226 certiore
996 2159 1130 2224 ulla
1177 2158 1426 2224 ratione
1440 2209 1458 2242 ‚
1511 2181 1722 2245 neque
1782 2161 2058 2245 gratiore

419 2260 550 2326 ullo
593 2261 835 2343 labore,
883 2283 1073 2346 quam
1111 2260 1401 2345 ipsarum
1435 2260 1767 2345 regionum
1797 2283 1874 2325 ac
1904 2283 2057 2345 gen-

421 2361 580 2426 tium
633 2362 1039 2449 inspectione
1094 2368 1525 2446 comparatur,
1588 2361 1777 2425 modo
1834 2383 2059 2426 sanum

426 2462 682 2546 quidem
723 2463 1029 2528 iudicium
1070 2461 1447 2528 adhibeatur
1463 2508 1481 2542 ,
1537 2469 1673 2525 tum
1723 2460 1794 2525 in
1834 2460 1918 2526 iis
1959 2461 2057 2526 fu-

427 2561 676 2645 giendis
736 2585 899 2648 quae
961 2586 1284 2649 nunquam
1339 2561 1584 2628 vidisse
1647 2561 2055 2647 praestiterit,

431 2667 565 2724 tum
594 2662 664 2724 in
690 2662 774 2727 iis
805 2664 1224 2730 observandis
1270 2686 1537 2751 quorum
1579 2662 1811 2728 notitia
1846 2663 2054 2748 pietas

431 2769 844 2847 caeteraeque
885 2765 1153 2831 virtutes
1203 2787 1346 2831 cum
1401 2772 1609 2830 aetate
1664 2765 2055 2832 adolescant.

429 2859 596 2926 Tum
622 2884 775 2928 vero
801 2863 1106 2949 vicissim,
1152 2867 1366 2932 divino
1400 2867 1675 2952 quodam
1717 2867 2053 2949 benefici0‚

431 2970 495 3028 et
529 2963 1066 3049 praestantissimi
1092 2965 1216 3030 viri
1261 2968 1480 3052 tuique
1520 2967 1850 3033 monitoris
1880 2966 2057 3033 Ven-

432 3065 631 3132 ceslai
682 3063 941 3131 Lavinii
994 3066 1281 3132 consiliis
1313 3067 1562 3148 fietus,
1630 3089 1834 3152 usque
1895 3067 2055 3131 adeo

428 3167 546 3232 tibi
600 3190 732 3232 non
788 3165 1076 3248 defuisti,
1141 3176 1214 3231 ut
1273 3167 1698 3254 paucissimos
1752 3189 1899 3233 esse
1955 3189 2055 3230 ar-

429 3266 653 3350 bitrer,
698 3268 804 3333 vel
849 3292 929 3337 ex
968 3268 1310 3355 majoribus
1365 3268 1557 3333 etiam
1596 3277 1784 3351 natu,
1846 3275 2057 3333 tecum

428 3369 501 3433 in
540 3369 663 3436 hac
706 3370 914 3438 adhuc
954 3379 1175 3438 tenera
1218 3379 1455 3455 aetate,
1509 3370 1645 3436 sive
1690 3370 2056 3457 peregrina-

1683 3473 1749 3526 1*
