2634 3992
1047 349 1124 403 De
1159 349 1513 421 Apostropho.
2017 355 2099 422 93

475 510 676 584 sexta,
716 502 774 567 si
799 501 1036 567 fuerint
1062 501 1433 585 hexametri,
1481 525 1641 589 quos
1681 504 1868 591 vulgo
1898 506 2101 574 Alex-

474 603 777 668 andrinos
822 602 1166 689 appellant.
1251 603 1343 668 Et
1393 605 1773 690 generaliter
1813 606 1884 670 in
1929 607 2100 672 omni

471 703 930 770 Francicorum
972 704 1326 769 carminum
1368 727 1603 790 genere
1635 729 1669 769 e
1711 705 2101 772 foemineum

471 803 545 869 in
587 805 810 871 ultima
849 827 1078 870 versus
1126 806 1376 890 syllaba
1417 828 1533 891 pro
1564 806 1766 871 nihilo
1809 808 2097 873 habetur.

603 905 965 973 Secunda
992 906 1315 993 Regula..
1366 911 1413 970 A
1448 907 1517 971 in
1546 907 1814 972 articulo
1847 909 1912 971 la
1950 916 2099 975 ante

473 1007 745 1072 eandem
786 1008 893 1072 vel
935 1008 1127 1073 aliam
1176 1008 1472 1074 vocalem
1524 1007 1812 1092 eliditur,
1868 1019 1940 1074 ut
1982 1009 2097 1073 Γα-

475 1109 697 1188 υανίοε,
726 1107 976 1195 Γεερεε,
1011 1108 1415 1196 Pignorance,
1448 1109 1801 1190 Perventum,
1824 1109 2097 1192 l’umbre,

475 1207 819 1275 Phoslesse.
892 1209 1078 1275 Idem
1117 1209 1395 1274 maiores
1438 1210 1642 1274 nostri
1679 1209 2001 1277 faciebant
2029 1211 2101 1277 in

475 1310 870 1395 possessivis
935 1310 1424 1396 pronominibus
1489 1331 1624 1391 ma,
1691 1319 1786 1390 ta,-
1852 1333 1966 1393 sa,
2030 1321 2103 1377 ut

479 1409 765 1497 m’espee‚
795 1411 1058 1495 s'espee‚
1090 1418 1163 1473 ut
1193 1409 1401 1474 adhuc
1429 1409 1773 1494 loquuntur
1795 1408 2098 1479 Sabaudi.

479 1508 590 1577 Sic
631 1511 702 1575 in
742 1511 1067 1577 veteribus
1114 1508 1472 1595 sepulchris
1518 1510 1899 1595 saepissime
1941 1512 2101 1598 legi-

478 1617 583 1675 tur
610 1613 820 1676 s’ame.
873 1611 1080 1676 Immo
1125 1610 1334 1675 adhuc
1360 1609 1550 1674 hodie
1583 1610 1813 1675 dicitur
1842 1611 2104 1695 m'amie‚

473 1710 731 1792 *s’amz‘e‚
785 1712 1107 1778 m'amour.
1197 1709 1328 1778 Sed
1370 1732 1527 1775 usus
1574 1710 1867 1792 obtinuit,
1922 1721 1993 1776 ut
2034 1713 2136 1779 in:

483 1812 752 1878 caeteris
799 1812 1184 1878 dictionibus
1239 1811 1454 1897 potius
1509 1821 1849 1896 usurpetur
1894 1813 2103 1878 soloe-

483 1913 740 1996 cismuS,
789 1914 1150 1980 substitutis
1203 1911 1690 2001 pronominibus
1728 1914 2105 1980 masculinis

479 2035 647 2096 mon,
694 2023 821 2096 ton,
868 2036 1008 2097 son,
1051 2024 1122 2079 ut
1161 2037 1306 2078 mon
1351 2034 1571 2099 espec,
1623 2037 1761 2078 mon
1802 2015 2107 2096 hostesse,

481 2135 602 2178 son
647 2119 912 2196 avar-ine,
955 2138 1066 2180 Son
1111 2118 1473 2203 ignorance.

611 2217 878 2284 Tertia
939 2216 1262 2303 Regula.
1361 2216 1398 2279 Ι
1457 2238 1786 2302 nunquam
1852 2215 2108 2280 eliditur

482 2318 615 2384 nisi
657 2328 803 2385 ante
846 2340 1199 2406 pronomen
1245 2316 1312 2399 il,
1356 2324 1428 2380 ut
1471 2315 1573 2379 s'il
1610 2319 1775 2379 vient
1799 2338 1917 2401 pro
1961 2318 2022 2377 si
2047 2315 2107 2383 il.

480 2415 660 2484 Male
711 2420 908 2504 igitur
950 2418 1420 2505 Lugdunenses
1478 2437 1549 2479 ce
1605 2415 1808 2502 qu'est
1864 2439 1981 2502 pro
2045 2439 2113 2480 ce

486 2521 598 2602 qui
638 2529 760 2602 est,
811 2524 949 2584 s’on
991 2544 1106 2608 pro
1153 2523 1213 2583 si
1254 2542 1365 2601 οη,
1420 2539 1545 2603 quo
1600 2526 1816 2581 tamen
1871 2517 2111 2583 abusus

486 2640 634 2683 sum
676 2644 796 2706 ego
837 2622 1100 2687 licentia
1142 2620 1400 2706 poetica
1452 2617 1525 2683 in
1566 2616 1974 2683 Psalmorum
2014 2617 2113 2682 in-

489 2721 959 2804 terpretatione.
1049 2721 1157 2788 Sic
1199 2720 1522 2785 Marotus:
1591 2719 1818 2783 s’ainsi
1874 2743 1992 2806 pro
2060 2723 2123 2784 si

483 2821 676 2884 ainsi.
765 2819 820 2884 Ο
861 2842 1013 2886 vero
1058 2831 1122 2886 et
1165 2844 1206 2883 u
1233 2831 1561 2905 nunquam
1590 2820 1931 2886 eliduntur.

620 2918 1110 2986 Observandum
1153 2931 1252 2987 est
1293 2930 1507 2986 autem
1540 2921 1950 3008 peculiariter
1975 2920 2110 2984 foe-

490 3020 808 3086 mininum
849 3021 1236 3087 adjectivum
1272 3022 1543 3108 grande,
1597 3023 1669 3086 in
1712 3045 1837 3107 quo
1884 3045 1918 3085 e
1962 3042 2116 3086 con-

495 3122 707 3188 suevit
749 3122 942 3188 etiam
983 3127 1131 3185 ante
1174 3130 1603 3188 consonantes
1650 3122 1829 3204 elidi,
1883 3130 1956 3185 ut
1997 3142 2120 3182 une

485 3222 720 3310 grand’
743 3223 1084 3310 besongne‚
1121 3244 1241 3284 une
1254 3220 1488 3308 grand'
1513 3219 1720 3305 chose,
1744 3244 1864 3285 une
1877 3222 2112 3309 grand*

473 3318 732 3410 femme,
777 3348 899 3390 une
932 3321 1163 3412 grand'
1190 3321 1653 3387 meschone-ete.
