2634 3992
576 380 658 444 62
1153 381 1228 433 De
1265 380 1637 450 triphthongiS.

1324 583 1477 660 Uei.

700 733 848 800 Hae
911 745 1046 800 tres
1120 735 1378 800 vocales
1455 757 1774 820 nusquam
1850 735 1978 800 nisi
2056 745 2206 802 ante

576 835 813 921 duplex
870 837 920 900 ll
969 836 1359 916 scribuntur,
1426 835 1669 901 inserta
1720 858 1942 902 rursus
1994 839 2206 904 vocali

575 939 612 1018 i,
671 960 802 1001 non
861 946 934 1001 ut
973 936 1356 1022 proferatur,
1412 937 1526 1002 sed
1568 948 1640 1001 ut
1679 938 1894 1003 mollis
1936 939 2046 1004 ille
2090 941 2207 1004 du-

572 1039 765 1124 plicis
831 1038 879 1099 ll
931 1060 1127 1103 sonus
1189 1037 1578 1102 ostendatur.
1677 1038 1818 1104 Nec
1868 1047 2084 1104 tamen
2134 1042 2208 1105 in-

575 1162 654 1201 ue
696 1139 953 1203 auditur
1003 1163 1045 1202 u
1091 1149 1155 1204 et
1198 1163 1249 1219 e,
1295 1139 1412 1205 sed
1441 1136 1872 1224 diphthongus
1902 1163 1979 1203 eu
2007 1142 2204 1226 plene

575 1249 639 1305 et
682 1262 914 1306 sonore
957 1241 1227 1326 prolata.
1330 1238 1442 1306 Sic
1499 1238 1669 1304 enim
1719 1241 2203 1325 pronuntiamus

574 1341 811 1405 cueillir
867 1342 1231 1429 (colligere)
1289 1364 1431 1407 cum
1476 1340 1781 1406 derivatis
1841 1350 1905 1405 et
1946 1364 2202 1429 compo—

575 1443 738 1525 sitis,
787 1443 1016 1527 ficeille
1074 1444 1347 1528 (folium)
1406 1465 1551 1508 cum
1595 1442 1897 1508 derivatis
1916 1493 1933 1525 ,
1978 1445 2206 1508 vueille

572 1545 837 1629 (velim),
901 1569 979 1612 ac
1022 1547 1080 1612 si
1142 1550 1166 1610 i
1206 1546 1580 1632 quiescente
1662 1551 1725 1609 et
1768 1544 2005 1630 duplex
2044 1545 2206 1610 illud

569 1648 769 1713 molle
815 1646 864 1711 ll
907 1647 1288 1733 designante
1335 1647 1648 1713 scribatur
1670 1645 1919 1728 seuille,
1964 1647 2204 1728 veniae,

574 1757 638 1814 et
681 1771 718 1810 ο
772 1748 1144 1833 quiescente
1203 1756 1268 1812 et
1320 1747 1608 1813 nativum
1652 1768 1878 1811 sonum
1901 1770 1957 1833 g
1980 1748 2205 1814 literae

570 1849 899 1914 indicante
945 1849 1262 1914 scribatur
1292 1847 1569 1911 coeuille.
1653 1845 1787 1912 Cur
1838 1847 2051 1931 igitur,
2103 1849 2203 1914 in-

512 1956 515 1963 '
572 1950 756 2036 quies
773 2000 789 2031 ,
856 1972 989 2015 non
1053 1951 1149 2016 sic
1233 1948 1533 2014 scribitur
1607 1956 1671 2012 et
1717 1949 2203 2033 pronuntiatur?

571 2059 742 2118 certe
772 2058 1035 2136 propter
1074 2051 1513 2116 characterum
1554 2048 1856 2134 inopiam,
1903 2049 2202 2132 quoniam

568 2152 849 2218 maiores
896 2152 1103 2217 nostri
1149 2152 1306 2218 solis
1351 2149 1602 2217 Latinis
1652 2147 1858 2213 literis
1903 2149 2048 2237 sive
2082 2172 2200 2234 po-

568 2255 699 2321 tius
730 2253 1237 2341 Graecogallicis
1268 2251 1571 2332 contenti,
1609 2248 1959 2335 exprimere
1984 2255 2200 2314 tamen

566 2357 714 2423 fflos
757 2355 1114 2443 peculiares
1162 2354 1472 2441 quosdam
1529 2373 1683 2417 suos
1726 2371 1920 2415 sonos
1974 2350 2202 2436 nequi-

567 2467 820 2540 verunt,
865 2457 1067 2524 veluti
1121 2478 1154 2520 e
1194 2452 1524 2521 foeminini
1568 2461 1632 2517 et
1659 2474 1694 2515 e
1735 2451 1958 2536 aperti,
1991 2452 2201 2539 dupli-

570 2559 665 2625 cis
712 2559 762 2622 ll
817 2568 883 2624 et
933 2582 975 2620 n
1016 2558 1248 2623 mollis.
1336 2555 1564 2640 Itaque
1606 2554 1965 2620 necessitas
2006 2577 2204 2640 quae-

569 2659 716 2724 dam
743 2659 870 2725 huc
901 2682 1012 2726 eos
1046 2658 1281 2743 adegit,
1321 2668 1394 2721 ut
1418 2656 1678 2723 vocales
1709 2678 1789 2720 eu
1818 2655 2202 2741 diphthongi

568 2759 651 2825 ad
677 2759 849 2824 hunc
880 2760 959 2825 de
1002 2783 1129 2847 quo
1176 2781 1353 2824 nunc
1382 2759 1631 2845 agimus
1674 2759 1745 2823 in
1768 2756 1901 2823 illis
1929 2757 2202 2823 vocibus

568 2860 1045 2946 exprimendum
1091 2884 1322 2928 sonum
1362 2867 1883 2948 transponerent,
1922 2881 2007 2924 ne
2051 2859 2199 2944 quis

564 2962 860 3028 nimirum
888 2986 1005 3050 per
1048 2987 1084 3027 v
1122 2971 1583 3032 consonantem
1622 2985 1740 3049 pro
1768 2960 2002 3046 facille
2051 2982 2200 3045 pro-

564 3065 885 3130 nuntiaret
921 3066 1220 3149 se·vi-lle,
1277 3090 1394 3153 pro
1449 3065 1671 3130 vueille
1720 3061 2023 3140 ve-vi-lle,
2073 3082 2195 3144 pro

567 3167 786 3232 cucille
835 3165 1167 3230 cue-vi—Zle.
1267 3167 1400 3235 Sed
1449 3167 1622 3232 haud
1678 3164 1836 3248 scio,
1911 3185 1996 3227 an
2035 3160 2200 3226 haec

565 3270 726 3334 ratio
773 3268 928 3336 satis
974 3268 1188 3355 magni
1231 3269 1425 3334 fuerit
1462 3266 1783 3333 momenti.
1842 3261 2196 3332 Scribimus

564 3393 738 3437 nunc
751 3368 1018 3455 souiller
1050 3370 1394 3455 (scrutari),
1421 3368 1702 3435 mouiller
1731 3365 2197 3449 (madefacere),
