2634 3992
948 424 953 430 ·
1078 398 1136 464 Ο,
1173 415 1221 455 c.
1291 399 1355 463 D,
1392 399 1439 452 d.
1985 399 2066 464 23

446 574 606 619 sono
647 552 936 639 proferri,
986 551 1348 617 cuiusmodi
1394 560 1494 617 est
1534 552 1705 639 apud
1730 549 2066 619 Hebraeos

444 654 667 720 literae
714 653 914 721 Schin
954 653 1025 717 in
1068 653 1289 718 dextro
1333 653 1532 719 latere
1576 653 1890 740 signatae,
1933 677 2067 719 non

445 765 519 821 ut
559 756 953 824 Graecorum
998 754 1120 837 chi,
1167 755 1342 841 quod
1384 763 1614 820 sonant
1650 753 1955 822 Germani
1996 756 2065 820 in

443 859 645 923 verbo
677 856 952 934 macheu,
991 856 1105 922 sed
1132 865 1203 920 ut
1231 856 1345 922 sch
1372 856 1785 943 pronuntiant
1811 857 1877 921 in
1906 879 2065 923 voce

447 956 694 1022 schelm.
792 957 905 1025 Sic
966 958 1162 1043 igitur
1225 955 1281 1021 F
1282 958 1537 1023 rancice
1614 966 1846 1023 sonant
1925 957 2070 1022 chat

449 1058 712 1142 (catus),
766 1058 936 1122 chair
990 1059 1222 1142 (caro),
1269 1056 1480 1120 cham!
1534 1058 1852 1141 (calidus),
1919 1058 2066 1123 chez

449 1161 686 1247 (apud),
701 1161 1186 1248 cheulssapsus),
1213 1158 1378 1221 riche
1402 1159 1657 1241 (dives),
1682 1160 1864 1226 chose
1886 1161 2061 1245 (res),

448 1262 606 1326 chon
636 1263 995 1347 (brassica).
1063 1262 1158 1326 At
1201 1268 1424 1326 contra
1462 1259 1719 1326 Picardi
1759 1263 2064 1349 pleraque

448 1386 488 1428 a
540 1365 810 1430 caeteris
863 1362 1134 1428 Francis
1201 1383 1320 1446 per
1386 1359 1457 1422 ch
1518 1361 1754 1447 pingue
1819 1364 2068 1449 prolata

412 1466 565 1551 'per
606 1489 639 1527 c
693 1466 937 1530 siccum
982 1462 1274 1542 efferunt,
1336 1470 1409 1525 ut
1462 1471 1578 1527 cat.
1638 1462 1844 1535 wald,
1900 1486 2063 1542 cose,

449 1568 643 1651 rique,
692 1573 758 1630 et
797 1563 1075 1650 plurima
1119 1582 1153 1626 e
1199 1562 1516 1627 contrario
1566 1586 1683 1649 per
1736 1563 1805 1626 ch
1857 1564 2065 1651 profe-

447 1671 621 1745 runt,
678 1686 840 1749 quae
883 1685 1001 1749 per
1051 1685 1084 1725 s
1138 1662 1438 1728 Latinum
1493 1664 1732 1729 caeteri
1782 1689 2064 1752 pronun-

450 1764 632 1846 tiant,
675 1773 746 1828 ut
788 1764 1007 1837 chechi.
1054 1764 1245 1841 chela,
1290 1774 1466 1829 tanta
1511 1774 1609 1831 est
1650 1766 2064 1833 dialectorum

451 1887 580 1930 non
623 1867 809 1931 modo
852 1867 1126 1933 varietas
1199 1866 1313 1932 sed
1360 1867 1546 1931 etiam
1601 1870 2038 1955 repugnantia.

1159 2020 1353 2095 Dd.

572 2171 760 2237 Haec
805 2193 1167 2239 consonans
1209 2171 1617 2258 pronuntiata
1649 2171 1891 2236 nullam
1932 2173 2061 2258 syl-

445 2270 658 2336 labam
720 2274 959 2339 claudit
1019 2274 1090 2337 in
1158 2271 1472 2337 Francica
1532 2272 1753 2357 lingua
1811 2281 2063 2358 praeter

447 2372 737 2438 ultimam
771 2374 840 2439 in
879 2373 1258 2460 quibusdam
1287 2373 1692 2453 dictionibus,
1734 2373 1803 2437 in
1833 2373 2063 2458 quibus

447 2472 715 2557 perinde
742 2476 1187 2560 pronuntiatur
1229 2483 1300 2539 ut
1344 2483 1385 2551 l,
1433 2473 1548 2540 sed
1579 2474 1671 2539 ita
1705 2481 1777 2537 ut
1805 2473 2062 2539 siccitas

451 2571 591 2636 eius
656 2574 1055 2659 aliquatenus
1128 2576 1434 2662 liquefiat.
1557 2572 1750 2654 Quod
1811 2574 1866 2640 si
1921 2575 2064 2661 quis

449 2681 652 2756 roget,
698 2694 810 2738 cur
850 2699 980 2741 non
1023 2677 1218 2761 igitur
1262 2685 1288 2739 t
1324 2675 1542 2762 potius
1589 2698 1778 2761 quam
1823 2673 1869 2738 d
1908 2678 2064 2742 scri-

450 2771 652 2853 batur,
698 2776 1057 2860 respondeo
1086 2776 1154 2841 id
1180 2777 1321 2841 fieri
1350 2785 1609 2864 propter
1638 2777 2065 2843 derivatorum

448 2870 828 2957 analogiam.
907 2874 1133 2961 Itaque
1178 2877 1515 2942 scribimus
1552 2877 1839 2965 gaillard
1878 2877 2063 2961 (hila-

446 2972 585 3058 ris),
598 2973 889 3059 paillard
907 2976 1284 3058 (scortator),
1314 2977 1458 3039 lard
1486 2978 1776 3057 (lardum)
1805 2989 2065 3066 propter

450 3073 764 3157 derivata,
789 3074 1182 3163 guillel-(lise,
1205 3076 1572 3161 paillarder,
1604 3076 1833 3157 larder,
1868 3102 2063 3165 quum

447 3175 687 3262 alioqui
751 3175 920 3241 haud
988 3198 1174 3242 secus
1229 3177 1344 3242 illa
1383 3177 1641 3265 proprie
1707 3180 2059 3264 efferamus,

448 3297 640 3361 quam
696 3277 754 3343 si
804 3301 920 3364 per
978 3287 1003 3341 t
1057 3277 1501 3343 scriberentur.
1614 3277 1727 3345 Sic
1769 3283 2062 3368 quamvis

446 3379 668 3444 tertiae
709 3402 1025 3466 personae
1073 3380 1430 3466 singulares
1481 3383 1842 3466 praesentis
1895 3383 2061 3449 indi-
