<?xml version="1.0" encoding="UTF-8"?>
<!DOCTYPE html PUBLIC "-//W3C//DTD XHTML 1.0 Transitional//EN"
    "http://www.w3.org/TR/xhtml1/DTD/xhtml1-transitional.dtd">
<html xmlns="http://www.w3.org/1999/xhtml" xml:lang="en" lang="en">
 <head>
  <title>
</title>
<meta http-equiv="Content-Type" content="text/html;charset=utf-8" />
  <meta name='ocr-system' content='tesseract 3.04.00' />
  <meta name='ocr-capabilities' content='ocr_page ocr_carea ocr_par ocr_line ocrx_word'/>
</head>
<body>
  <div class='ocr_page' id='page_1' title='image "./defrancicaeling01toblgoog_0025.png"; bbox 0 0 2634 3992; ppageno 0'>
   <div class='ocr_carea' id='block_1_1' title="bbox 1119 381 1995 446">
    <p class='ocr_par' dir='ltr' id='par_1_1' title="bbox 1119 381 1995 446">
     <span class='ocr_line' id='line_1_1' title="bbox 1119 381 1995 446; baseline -0.001 -11"><span class='ocrx_word' id='word_1_1' title='bbox 1119 381 1177 445; x_wconf 89' lang='lat' dir='ltr'>E,</span> <span class='ocrx_word' id='word_1_2' title='bbox 1216 399 1259 435; x_wconf 81' lang='lat' dir='ltr'>e.</span> <span class='ocrx_word' id='word_1_3' title='bbox 1916 382 1995 446; x_wconf 85' lang='lat'>15</span> 
     </span>
    </p>
   </div>
   <div class='ocr_carea' id='block_1_2' title="bbox 376 532 2000 2339">
    <p class='ocr_par' dir='ltr' id='par_1_2' title="bbox 376 532 2000 2339">
     <span class='ocr_line' id='line_1_2' title="bbox 383 532 1995 621; baseline -0.001 -21"><span class='ocrx_word' id='word_1_4' title='bbox 383 542 448 600; x_wconf 87' lang='lat' dir='ltr'>et</span> <span class='ocrx_word' id='word_1_5' title='bbox 469 534 735 621; x_wconf 72' lang='lat' dir='ltr'>perluit,</span> <span class='ocrx_word' id='word_1_6' title='bbox 780 533 984 597; x_wconf 76' lang='lat' dir='ltr'>lass-es</span> <span class='ocrx_word' id='word_1_7' title='bbox 1016 541 1079 599; x_wconf 89' lang='lat' dir='ltr'>et</span> <span class='ocrx_word' id='word_1_8' title='bbox 1109 555 1306 598; x_wconf 77' lang='lat' dir='ltr'>acces,</span> <span class='ocrx_word' id='word_1_9' title='bbox 1395 532 1586 615; x_wconf 78' lang='lat' dir='ltr'>Quod</span> <span class='ocrx_word' id='word_1_10' title='bbox 1624 534 1682 598; x_wconf 89' lang='lat' dir='ltr'>si</span> <span class='ocrx_word' id='word_1_11' title='bbox 1722 533 1995 599; x_wconf 76' lang='lat' dir='ltr'>obtineri</span> 
     </span>
     <span class='ocr_line' id='line_1_3' title="bbox 379 634 1996 722; baseline -0.002 -20"><span class='ocrx_word' id='word_1_12' title='bbox 379 637 589 722; x_wconf 78' lang='lat' dir='ltr'>possit</span> <span class='ocrx_word' id='word_1_13' title='bbox 631 644 701 701; x_wconf 92' lang='lat' dir='ltr'>ut</span> <span class='ocrx_word' id='word_1_14' title='bbox 743 634 894 700; x_wconf 89' lang='lat' dir='ltr'>huic</span> <span class='ocrx_word' id='word_1_15' title='bbox 932 635 1171 720; x_wconf 90' lang='lat' dir='ltr'>triplici</span> <span class='ocrx_word' id='word_1_16' title='bbox 1223 658 1381 701; x_wconf 90' lang='lat' dir='ltr'>sono</span> <span class='ocrx_word' id='word_1_17' title='bbox 1423 635 1656 721; x_wconf 78' lang='lat' dir='ltr'>triplex</span> <span class='ocrx_word' id='word_1_18' title='bbox 1696 635 1802 700; x_wconf 91' lang='lat' dir='ltr'>hic</span> <span class='ocrx_word' id='word_1_19' title='bbox 1846 635 1996 700; x_wconf 83' lang='lat' dir='ltr'>cha-</span> 
     </span>
     <span class='ocr_line' id='line_1_4' title="bbox 376 735 1999 824; baseline 0 -23"><span class='ocrx_word' id='word_1_20' title='bbox 376 746 584 803; x_wconf 86' lang='lat' dir='ltr'>racter</span> <span class='ocrx_word' id='word_1_21' title='bbox 642 738 1040 819; x_wconf 77' lang='lat' dir='ltr'>attribuatur,</span> <span class='ocrx_word' id='word_1_22' title='bbox 1097 760 1331 824; x_wconf 81' lang='lat' dir='ltr'>nempe</span> <span class='ocrx_word' id='word_1_23' title='bbox 1386 760 1419 800; x_wconf 84' lang='lat' dir='ltr'>e</span> <span class='ocrx_word' id='word_1_24' title='bbox 1470 759 1586 822; x_wconf 87' lang='lat' dir='ltr'>pro</span> <span class='ocrx_word' id='word_1_25' title='bbox 1637 735 1761 801; x_wconf 83' lang='lat' dir='ltr'>hac</span> <span class='ocrx_word' id='word_1_26' title='bbox 1810 735 1999 802; x_wconf 86' lang='lat' dir='ltr'>litera</span> 
     </span>
     <span class='ocr_line' id='line_1_5' title="bbox 381 837 1994 924; baseline -0.001 -21"><span class='ocrx_word' id='word_1_27' title='bbox 381 839 598 903; x_wconf 84' lang='lat' dir='ltr'>clauso</span> <span class='ocrx_word' id='word_1_28' title='bbox 645 860 802 904; x_wconf 87' lang='lat' dir='ltr'>sono</span> <span class='ocrx_word' id='word_1_29' title='bbox 849 847 911 903; x_wconf 90' lang='lat' dir='ltr'>et</span> <span class='ocrx_word' id='word_1_30' title='bbox 951 839 1235 905; x_wconf 89' lang='lat' dir='ltr'>masculo</span> <span class='ocrx_word' id='word_1_31' title='bbox 1280 839 1627 919; x_wconf 86' lang='lat' dir='ltr'>efferenda,</span> <span class='ocrx_word' id='word_1_32' title='bbox 1675 861 1709 902; x_wconf 82' lang='lat' dir='ltr'>e</span> <span class='ocrx_word' id='word_1_33' title='bbox 1748 860 1866 924; x_wconf 88' lang='lat' dir='ltr'>pro</span> <span class='ocrx_word' id='word_1_34' title='bbox 1895 837 1994 902; x_wconf 89' lang='lat' dir='ltr'>in-</span> 
     </span>
     <span class='ocr_line' id='line_1_6' title="bbox 377 939 1995 1006; baseline -0.002 -2"><span class='ocrx_word' id='word_1_35' title='bbox 377 939 578 1004; x_wconf 80' lang='lat' dir='ltr'>fracto</span> <span class='ocrx_word' id='word_1_36' title='bbox 639 948 701 1004; x_wconf 92' lang='lat' dir='ltr'>et</span> <span class='ocrx_word' id='word_1_37' title='bbox 753 939 1076 1005; x_wconf 86' lang='lat' dir='ltr'>lenissimo</span> <span class='ocrx_word' id='word_1_38' title='bbox 1149 939 1340 1006; x_wconf 88' lang='lat' dir='ltr'>huius</span> <span class='ocrx_word' id='word_1_39' title='bbox 1402 941 1624 1006; x_wconf 86' lang='lat' dir='ltr'>literae</span> <span class='ocrx_word' id='word_1_40' title='bbox 1692 961 1878 1004; x_wconf 88' lang='lat' dir='ltr'>sono:</span> <span class='ocrx_word' id='word_1_41' title='bbox 1960 960 1995 1001; x_wconf 83' lang='lat' dir='ltr'>e</span> 
     </span>
     <span class='ocr_line' id='line_1_7' title="bbox 381 1039 1995 1156; baseline -0.002 -51"><span class='ocrx_word' id='word_1_42' title='bbox 381 1040 655 1156; x_wconf 79' lang='lat' dir='ltr'>denique</span> <span class='ocrx_word' id='word_1_43' title='bbox 696 1063 812 1128; x_wconf 89' lang='lat' dir='ltr'>pro</span> <span class='ocrx_word' id='word_1_44' title='bbox 857 1039 1249 1127; x_wconf 82' lang='lat' dir='ltr'>diphthongo</span> <span class='ocrx_word' id='word_1_45' title='bbox 1293 1064 1389 1118; x_wconf 83' lang='lat' dir='ltr'>ae,</span> <span class='ocrx_word' id='word_1_46' title='bbox 1433 1061 1817 1155; x_wconf 80' lang='lat' dir='ltr'>magnopere</span> <span class='ocrx_word' id='word_1_47' title='bbox 1860 1045 1995 1102; x_wconf 89' lang='lat' dir='ltr'>tum</span> 
     </span>
     <span class='ocr_line' id='line_1_8' title="bbox 379 1141 1997 1256; baseline -0.001 -50"><span class='ocrx_word' id='word_1_48' title='bbox 379 1142 542 1256; x_wconf 77' lang='lat' dir='ltr'>ipsis</span> <span class='ocrx_word' id='word_1_49' title='bbox 576 1142 844 1210; x_wconf 87' lang='lat' dir='ltr'>Francis</span> <span class='ocrx_word' id='word_1_50' title='bbox 874 1141 1217 1228; x_wconf 87' lang='lat' dir='ltr'>plerisque,</span> <span class='ocrx_word' id='word_1_51' title='bbox 1259 1151 1396 1208; x_wconf 90' lang='lat' dir='ltr'>tum</span> <span class='ocrx_word' id='word_1_52' title='bbox 1435 1143 1504 1207; x_wconf 91' lang='lat' dir='ltr'>in</span> <span class='ocrx_word' id='word_1_53' title='bbox 1545 1142 1768 1228; x_wconf 89' lang='lat' dir='ltr'>primis</span> <span class='ocrx_word' id='word_1_54' title='bbox 1811 1163 1997 1227; x_wconf 91' lang='lat' dir='ltr'>pere-</span> 
     </span>
     <span class='ocr_line' id='line_1_9' title="bbox 380 1242 1997 1329; baseline 0.001 -22"><span class='ocrx_word' id='word_1_55' title='bbox 380 1244 580 1329; x_wconf 84' lang='lat' dir='ltr'>grinis</span> <span class='ocrx_word' id='word_1_56' title='bbox 648 1253 900 1309; x_wconf 85' lang='lat' dir='ltr'>cautum</span> <span class='ocrx_word' id='word_1_57' title='bbox 966 1253 1156 1309; x_wconf 89' lang='lat' dir='ltr'>esset.</span> <span class='ocrx_word' id='word_1_58' title='bbox 1262 1244 1402 1308; x_wconf 92' lang='lat' dir='ltr'>Alii</span> <span class='ocrx_word' id='word_1_59' title='bbox 1468 1251 1800 1329; x_wconf 85' lang='lat' dir='ltr'>praeterea</span> <span class='ocrx_word' id='word_1_60' title='bbox 1871 1242 1997 1308; x_wconf 93' lang='lat' dir='ltr'>duo</span> 
     </span>
     <span class='ocr_line' id='line_1_10' title="bbox 381 1341 1998 1429; baseline -0.003 -19"><span class='ocrx_word' id='word_1_61' title='bbox 381 1352 528 1410; x_wconf 89' lang='lat' dir='ltr'>sunt</span> <span class='ocrx_word' id='word_1_62' title='bbox 557 1344 700 1410; x_wconf 91' lang='lat' dir='ltr'>soni</span> <span class='ocrx_word' id='word_1_63' title='bbox 726 1344 918 1409; x_wconf 87' lang='lat' dir='ltr'>huius</span> <span class='ocrx_word' id='word_1_64' title='bbox 946 1344 1170 1410; x_wconf 88' lang='lat' dir='ltr'>literae</span> <span class='ocrx_word' id='word_1_65' title='bbox 1201 1343 1319 1409; x_wconf 91' lang='lat' dir='ltr'>sed</span> <span class='ocrx_word' id='word_1_66' title='bbox 1356 1365 1616 1429; x_wconf 87' lang='lat' dir='ltr'>prorsus</span> <span class='ocrx_word' id='word_1_67' title='bbox 1659 1341 1998 1406; x_wconf 81' lang='lat' dir='ltr'>adulterim</span> 
     </span>
     <span class='ocr_line' id='line_1_11' title="bbox 381 1442 1995 1532; baseline -0.002 -21"><span class='ocrx_word' id='word_1_68' title='bbox 381 1455 446 1511; x_wconf 90' lang='lat' dir='ltr'>et</span> <span class='ocrx_word' id='word_1_69' title='bbox 498 1445 803 1532; x_wconf 86' lang='lat' dir='ltr'>paulatim</span> <span class='ocrx_word' id='word_1_70' title='bbox 864 1452 1102 1509; x_wconf 85' lang='lat' dir='ltr'>mutata</span> <span class='ocrx_word' id='word_1_71' title='bbox 1156 1443 1412 1528; x_wconf 87' lang='lat' dir='ltr'>quidem</span> <span class='ocrx_word' id='word_1_72' title='bbox 1459 1442 1995 1528; x_wconf 86' lang='lat' dir='ltr'>pronuntiatione,</span> 
     </span>
     <span class='ocr_line' id='line_1_12' title="bbox 382 1541 2000 1631; baseline -0.004 -19"><span class='ocrx_word' id='word_1_73' title='bbox 382 1547 496 1612; x_wconf 87' lang='lat' dir='ltr'>sed</span> <span class='ocrx_word' id='word_1_74' title='bbox 541 1546 763 1611; x_wconf 90' lang='lat' dir='ltr'>eadem</span> <span class='ocrx_word' id='word_1_75' title='bbox 804 1553 1100 1610; x_wconf 83' lang='lat' dir='ltr'>manente</span> <span class='ocrx_word' id='word_1_76' title='bbox 1140 1544 1471 1631; x_wconf 89' lang='lat' dir='ltr'>scriptura,</span> <span class='ocrx_word' id='word_1_77' title='bbox 1515 1543 1585 1607; x_wconf 90' lang='lat' dir='ltr'>in</span> <span class='ocrx_word' id='word_1_78' title='bbox 1620 1541 2000 1606; x_wconf 86' lang='lat' dir='ltr'>Francicam</span> 
     </span>
     <span class='ocr_line' id='line_1_13' title="bbox 378 1643 1999 1730; baseline -0.003 -19"><span class='ocrx_word' id='word_1_79' title='bbox 378 1647 662 1730; x_wconf 88' lang='lat' dir='ltr'>linguam</span> <span class='ocrx_word' id='word_1_80' title='bbox 689 1645 947 1711; x_wconf 82' lang='lat' dir='ltr'>invecti.</span> <span class='ocrx_word' id='word_1_81' title='bbox 1008 1644 1399 1712; x_wconf 84' lang='lat' dir='ltr'>Coalescens</span> <span class='ocrx_word' id='word_1_82' title='bbox 1445 1644 1616 1710; x_wconf 87' lang='lat' dir='ltr'>enim</span> <span class='ocrx_word' id='word_1_83' title='bbox 1660 1667 1694 1706; x_wconf 84' lang='lat' dir='ltr'>e</span> <span class='ocrx_word' id='word_1_84' title='bbox 1737 1643 1807 1707; x_wconf 89' lang='lat' dir='ltr'>in</span> <span class='ocrx_word' id='word_1_85' title='bbox 1849 1665 1999 1707; x_wconf 87' lang='lat' dir='ltr'>ean-</span> 
     </span>
     <span class='ocr_line' id='line_1_14' title="bbox 384 1744 2000 1833; baseline 0 -22"><span class='ocrx_word' id='word_1_86' title='bbox 384 1747 527 1812; x_wconf 90' lang='lat' dir='ltr'>dem</span> <span class='ocrx_word' id='word_1_87' title='bbox 558 1745 869 1832; x_wconf 83' lang='lat' dir='ltr'><strong>syllabam</strong></span> <span class='ocrx_word' id='word_1_88' title='bbox 898 1767 1043 1812; x_wconf 92' lang='lat' dir='ltr'>cum</span> <span class='ocrx_word' id='word_1_89' title='bbox 1083 1769 1163 1824; x_wconf 88' lang='lat' dir='ltr'>m,</span> <span class='ocrx_word' id='word_1_90' title='bbox 1208 1755 1281 1812; x_wconf 93' lang='lat' dir='ltr'>ut</span> <span class='ocrx_word' id='word_1_91' title='bbox 1322 1744 1616 1833; x_wconf 75' lang='lat' dir='ltr'>temporel</span> <span class='ocrx_word' id='word_1_92' title='bbox 1655 1744 2000 1830; x_wconf 80' lang='lat' dir='ltr'>(tempora-</span> 
     </span>
     <span class='ocr_line' id='line_1_15' title="bbox 380 1846 1995 1932; baseline -0.002 -18"><span class='ocrx_word' id='word_1_93' title='bbox 380 1848 513 1932; x_wconf 85' lang='lat' dir='ltr'>lis),</span> <span class='ocrx_word' id='word_1_94' title='bbox 559 1848 667 1913; x_wconf 80' lang='lat' dir='ltr'>vel</span> <span class='ocrx_word' id='word_1_95' title='bbox 693 1871 733 1911; x_wconf 88' lang='lat' dir='ltr'>n</span> <span class='ocrx_word' id='word_1_96' title='bbox 765 1846 903 1914; x_wconf 84' lang='lat' dir='ltr'>sive</span> <span class='ocrx_word' id='word_1_97' title='bbox 933 1849 1073 1914; x_wconf 87' lang='lat' dir='ltr'>sola</span> <span class='ocrx_word' id='word_1_98' title='bbox 1100 1857 1164 1915; x_wconf 89' lang='lat' dir='ltr'>et</span> <span class='ocrx_word' id='word_1_99' title='bbox 1193 1870 1426 1914; x_wconf 87' lang='lat' dir='ltr'>sonora</span> <span class='ocrx_word' id='word_1_100' title='bbox 1461 1856 1533 1912; x_wconf 93' lang='lat' dir='ltr'>ut</span> <span class='ocrx_word' id='word_1_101' title='bbox 1574 1849 1797 1912; x_wconf 82' lang='lat' dir='ltr'>i&#39;enten</span> <span class='ocrx_word' id='word_1_102' title='bbox 1843 1846 1995 1932; x_wconf 90' lang='lat' dir='ltr'>(ego</span> 
     </span>
     <span class='ocr_line' id='line_1_16' title="bbox 379 1947 1997 2035; baseline -0.001 -21"><span class='ocrx_word' id='word_1_103' title='bbox 379 1948 717 2035; x_wconf 85' lang='lat' dir='ltr'>intelligo),</span> <span class='ocrx_word' id='word_1_104' title='bbox 765 1949 903 2015; x_wconf 84' lang='lat' dir='ltr'>sive</span> <span class='ocrx_word' id='word_1_105' title='bbox 934 1950 1230 2017; x_wconf 90' lang='lat' dir='ltr'>adiuncto</span> <span class='ocrx_word' id='word_1_106' title='bbox 1262 1948 1323 2025; x_wconf 82' lang='lat' dir='ltr'>d,</span> <span class='ocrx_word' id='word_1_107' title='bbox 1352 1958 1425 2015; x_wconf 92' lang='lat' dir='ltr'>ut</span> <span class='ocrx_word' id='word_1_108' title='bbox 1455 1947 1682 2031; x_wconf 53' lang='lat' dir='ltr'>entend</span> <span class='ocrx_word' id='word_1_109' title='bbox 1729 1948 1997 2033; x_wconf 86' lang='lat' dir='ltr'>(intelli-</span> 
     </span>
     <span class='ocr_line' id='line_1_17' title="bbox 380 2048 2000 2137; baseline 0.001 -23"><span class='ocrx_word' id='word_1_110' title='bbox 380 2048 521 2135; x_wconf 85' lang='lat' dir='ltr'>git),</span> <span class='ocrx_word' id='word_1_111' title='bbox 556 2050 663 2115; x_wconf 84' lang='lat' dir='ltr'>vel</span> <span class='ocrx_word' id='word_1_112' title='bbox 695 2061 720 2114; x_wconf 77' lang='lat' dir='ltr'>t</span> <span class='ocrx_word' id='word_1_113' title='bbox 747 2061 820 2116; x_wconf 88' lang='lat' dir='ltr'>ut</span> <span class='ocrx_word' id='word_1_114' title='bbox 845 2060 1088 2116; x_wconf 77' lang='lat' dir='ltr'>content</span> <span class='ocrx_word' id='word_1_115' title='bbox 1107 2053 1527 2137; x_wconf 84' lang='lat' dir='ltr'>(contentus),</span> <span class='ocrx_word' id='word_1_116' title='bbox 1552 2050 2000 2136; x_wconf 83' lang='lat' dir='ltr'>pronuntiatur</span> 
     </span>
     <span class='ocr_line' id='line_1_18' title="bbox 376 2149 1999 2237; baseline 0.001 -23"><span class='ocrx_word' id='word_1_117' title='bbox 376 2157 448 2215; x_wconf 93' lang='lat' dir='ltr'>ut</span> <span class='ocrx_word' id='word_1_118' title='bbox 489 2172 549 2215; x_wconf 87' lang='lat' dir='ltr'>a.</span> <span class='ocrx_word' id='word_1_119' title='bbox 634 2149 862 2237; x_wconf 86' lang='lat' dir='ltr'>Itaque</span> <span class='ocrx_word' id='word_1_120' title='bbox 905 2154 977 2218; x_wconf 90' lang='lat' dir='ltr'>in</span> <span class='ocrx_word' id='word_1_121' title='bbox 1016 2153 1117 2219; x_wconf 87' lang='lat' dir='ltr'>his</span> <span class='ocrx_word' id='word_1_122' title='bbox 1160 2153 1429 2220; x_wconf 82' lang='lat' dir='ltr'>vocibus</span> <span class='ocrx_word' id='word_1_123' title='bbox 1472 2159 1763 2216; x_wconf 77' lang='lat' dir='ltr'>constant</span> <span class='ocrx_word' id='word_1_124' title='bbox 1812 2151 1999 2235; x_wconf 88' lang='lat' dir='ltr'>(con-</span> 
     </span>
     <span class='ocr_line' id='line_1_19' title="bbox 379 2252 1999 2339; baseline -0.002 -21"><span class='ocrx_word' id='word_1_125' title='bbox 379 2252 609 2337; x_wconf 80' lang='lat' dir='ltr'>stans),</span> <span class='ocrx_word' id='word_1_126' title='bbox 667 2261 732 2318; x_wconf 91' lang='lat' dir='ltr'>et</span> <span class='ocrx_word' id='word_1_127' title='bbox 763 2262 1011 2318; x_wconf 75' lang='lat' dir='ltr'>content</span> <span class='ocrx_word' id='word_1_128' title='bbox 1037 2253 1457 2339; x_wconf 83' lang='lat' dir='ltr'>(contentus),</span> <span class='ocrx_word' id='word_1_129' title='bbox 1504 2277 1585 2317; x_wconf 84' lang='lat' dir='ltr'>an</span> <span class='ocrx_word' id='word_1_130' title='bbox 1617 2252 1884 2336; x_wconf 87' lang='lat' dir='ltr'>(annus)</span> <span class='ocrx_word' id='word_1_131' title='bbox 1935 2259 1999 2315; x_wconf 90' lang='lat' dir='ltr'>et</span> 
     </span>
    </p>
   </div>
   <div class='ocr_carea' id='block_1_3' title="bbox 267 2349 1998 2440">
    <p class='ocr_par' dir='ltr' id='par_1_3' title="bbox 267 2349 1998 2440">
     <span class='ocr_line' id='line_1_20' title="bbox 267 2349 1998 2440; baseline -0.001 -23"><span class='ocrx_word' id='word_1_132' title='bbox 267 2360 275 2367; x_wconf 84' lang='grc'><em>’</em></span> <span class='ocrx_word' id='word_1_133' title='bbox 379 2376 451 2417; x_wconf 84' lang='lat' dir='ltr'>en</span> <span class='ocrx_word' id='word_1_134' title='bbox 496 2353 622 2438; x_wconf 87' lang='lat' dir='ltr'>(in)</span> <span class='ocrx_word' id='word_1_135' title='bbox 696 2354 952 2421; x_wconf 85' lang='lat' dir='ltr'>diversa</span> <span class='ocrx_word' id='word_1_136' title='bbox 1009 2365 1110 2420; x_wconf 86' lang='lat' dir='ltr'>est</span> <span class='ocrx_word' id='word_1_137' title='bbox 1161 2356 1503 2440; x_wconf 84' lang='lat' dir='ltr'>scriptura,</span> <span class='ocrx_word' id='word_1_138' title='bbox 1558 2349 1998 2440; x_wconf 84' lang='lat' dir='ltr'>pronuntiatio</span> 
     </span>
    </p>
   </div>
   <div class='ocr_carea' id='block_1_4' title="bbox 377 2451 1999 3452">
    <p class='ocr_par' dir='ltr' id='par_1_4' title="bbox 377 2451 1999 3452">
     <span class='ocr_line' id='line_1_21' title="bbox 377 2451 1999 2539; baseline -0.001 -23"><span class='ocrx_word' id='word_1_139' title='bbox 377 2474 530 2517; x_wconf 82' lang='lat' dir='ltr'>vero</span> <span class='ocrx_word' id='word_1_140' title='bbox 573 2464 750 2520; x_wconf 86' lang='lat' dir='ltr'>recta</span> <span class='ocrx_word' id='word_1_141' title='bbox 792 2457 902 2521; x_wconf 82' lang='lat' dir='ltr'>vel</span> <span class='ocrx_word' id='word_1_142' title='bbox 945 2457 1183 2539; x_wconf 87' lang='lat' dir='ltr'>eadem,</span> <span class='ocrx_word' id='word_1_143' title='bbox 1236 2456 1343 2522; x_wconf 84' lang='lat' dir='ltr'>vel</span> <span class='ocrx_word' id='word_1_144' title='bbox 1375 2453 1737 2520; x_wconf 77' lang='lat' dir='ltr'>tenuissimi</span> <span class='ocrx_word' id='word_1_145' title='bbox 1770 2451 1999 2517; x_wconf 87' lang='lat' dir='ltr'>discri-</span> 
     </span>
     <span class='ocr_line' id='line_1_22' title="bbox 379 2553 1994 2643; baseline 0.001 -27"><span class='ocrx_word' id='word_1_146' title='bbox 379 2553 601 2634; x_wconf 85' lang='lat' dir='ltr'>miniS,</span> <span class='ocrx_word' id='word_1_147' title='bbox 661 2563 725 2619; x_wconf 91' lang='lat' dir='ltr'>et</span> <span class='ocrx_word' id='word_1_148' title='bbox 780 2557 952 2641; x_wconf 87' lang='lat' dir='ltr'>quod</span> <span class='ocrx_word' id='word_1_149' title='bbox 1001 2557 1114 2623; x_wconf 84' lang='lat' dir='ltr'>vix</span> <span class='ocrx_word' id='word_1_150' title='bbox 1163 2558 1423 2624; x_wconf 86' lang='lat' dir='ltr'>auribus</span> <span class='ocrx_word' id='word_1_151' title='bbox 1476 2554 1723 2643; x_wconf 82' lang='lat' dir='ltr'>percipi</span> <span class='ocrx_word' id='word_1_152' title='bbox 1765 2553 1994 2641; x_wconf 83' lang='lat' dir='ltr'>possit.</span> 
     </span>
     <span class='ocr_line' id='line_1_23' title="bbox 377 2650 1996 2742; baseline 0.003 -27"><span class='ocrx_word' id='word_1_153' title='bbox 377 2650 627 2738; x_wconf 82' lang='lat' dir='ltr'>Excipe</span> <span class='ocrx_word' id='word_1_154' title='bbox 685 2665 952 2738; x_wconf 86' lang='lat' dir='ltr'>quatuor</span> <span class='ocrx_word' id='word_1_155' title='bbox 992 2657 1110 2724; x_wconf 88' lang='lat' dir='ltr'>has</span> <span class='ocrx_word' id='word_1_156' title='bbox 1163 2659 1457 2725; x_wconf 79' lang='lat' dir='ltr'>voculas:</span> <span class='ocrx_word' id='word_1_157' title='bbox 1505 2659 1726 2721; x_wconf 79' lang='lat' dir='ltr'>ancien</span> <span class='ocrx_word' id='word_1_158' title='bbox 1779 2656 1996 2742; x_wconf 83' lang='lat' dir='ltr'>trisyl-</span> 
     </span>
     <span class='ocr_line' id='line_1_24' title="bbox 379 2756 1997 2844; baseline 0 -24"><span class='ocrx_word' id='word_1_159' title='bbox 379 2756 594 2821; x_wconf 88' lang='lat' dir='ltr'>labum</span> <span class='ocrx_word' id='word_1_160' title='bbox 637 2756 1018 2843; x_wconf 82' lang='lat' dir='ltr'>(antiquus),</span> <span class='ocrx_word' id='word_1_161' title='bbox 1064 2760 1186 2822; x_wconf 82' lang='lat' dir='ltr'>lien</span> <span class='ocrx_word' id='word_1_162' title='bbox 1229 2759 1609 2844; x_wconf 80' lang='lat' dir='ltr'>(vinculum)</span> <span class='ocrx_word' id='word_1_163' title='bbox 1663 2766 1728 2823; x_wconf 91' lang='lat' dir='ltr'>et</span> <span class='ocrx_word' id='word_1_164' title='bbox 1769 2758 1997 2843; x_wconf 61' lang='lat' dir='ltr'>mog&#39;jen</span> 
     </span>
     <span class='ocr_line' id='line_1_25' title="bbox 382 2854 1996 2948; baseline 0.001 -28"><span class='ocrx_word' id='word_1_165' title='bbox 382 2854 737 2941; x_wconf 87' lang='lat' dir='ltr'>(medium),</span> <span class='ocrx_word' id='word_1_166' title='bbox 763 2861 932 2943; x_wconf 81' lang='lat' dir='ltr'>fient</span> <span class='ocrx_word' id='word_1_167' title='bbox 954 2858 1197 2945; x_wconf 83' lang='lat' dir='ltr'>(fimus)</span> <span class='ocrx_word' id='word_1_168' title='bbox 1230 2862 1547 2948; x_wconf 84' lang='lat' dir='ltr'>disyllaba</span> <span class='ocrx_word' id='word_1_169' title='bbox 1589 2867 1653 2925; x_wconf 91' lang='lat' dir='ltr'>et</span> <span class='ocrx_word' id='word_1_170' title='bbox 1674 2857 1996 2945; x_wconf 77' lang='lat' dir='ltr'>quotidien</span> 
     </span>
     <span class='ocr_line' id='line_1_26' title="bbox 380 2957 1997 3047; baseline 0.001 -25"><span class='ocrx_word' id='word_1_171' title='bbox 380 2957 851 3044; x_wconf 86' lang='lat' dir='ltr'>(quotidianus)</span> <span class='ocrx_word' id='word_1_172' title='bbox 913 2968 1180 3044; x_wconf 88' lang='lat' dir='ltr'>quatuor</span> <span class='ocrx_word' id='word_1_173' title='bbox 1225 2963 1642 3047; x_wconf 79' lang='lat' dir='ltr'>syllabarum,</span> <span class='ocrx_word' id='word_1_174' title='bbox 1719 2959 1997 3043; x_wconf 87' lang='lat' dir='ltr'>denique</span> 
     </span>
     <span class='ocr_line' id='line_1_27' title="bbox 381 3059 1995 3147; baseline -0.002 -21"><span class='ocrx_word' id='word_1_175' title='bbox 381 3060 592 3126; x_wconf 82' lang='lat' dir='ltr'>omnia</span> <span class='ocrx_word' id='word_1_176' title='bbox 628 3059 892 3147; x_wconf 86' lang='lat' dir='ltr'>gentilia</span> <span class='ocrx_word' id='word_1_177' title='bbox 917 3060 1194 3144; x_wconf 85' lang='lat' dir='ltr'>nomina,</span> <span class='ocrx_word' id='word_1_178' title='bbox 1238 3069 1311 3125; x_wconf 92' lang='lat' dir='ltr'>ut</span> <span class='ocrx_word' id='word_1_179' title='bbox 1332 3063 1615 3126; x_wconf 78' lang='lat' dir='ltr'>Parisien</span> <span class='ocrx_word' id='word_1_180' title='bbox 1638 3059 1995 3141; x_wconf 85' lang='lat' dir='ltr'>(Parisien-</span> 
     </span>
     <span class='ocr_line' id='line_1_28' title="bbox 382 3159 1998 3247; baseline -0.003 -20"><span class='ocrx_word' id='word_1_181' title='bbox 382 3162 524 3247; x_wconf 86' lang='lat' dir='ltr'>sis),</span> <span class='ocrx_word' id='word_1_182' title='bbox 600 3161 917 3227; x_wconf 69' lang='lat' dir='ltr'>Savoz&#39;sien</span> <span class='ocrx_word' id='word_1_183' title='bbox 961 3159 1504 3246; x_wconf 84' lang='lat' dir='ltr'>(Sabaudiensis),</span> <span class='ocrx_word' id='word_1_184' title='bbox 1548 3161 1618 3225; x_wconf 90' lang='lat' dir='ltr'>in</span> <span class='ocrx_word' id='word_1_185' title='bbox 1674 3160 1909 3245; x_wconf 89' lang='lat' dir='ltr'>quibus</span> <span class='ocrx_word' id='word_1_186' title='bbox 1962 3181 1998 3222; x_wconf 84' lang='lat' dir='ltr'>e</span> 
     </span>
     <span class='ocr_line' id='line_1_29' title="bbox 381 3261 1997 3342; baseline -0.002 -15"><span class='ocrx_word' id='word_1_187' title='bbox 381 3263 664 3328; x_wconf 89' lang='lat' dir='ltr'>clausum</span> <span class='ocrx_word' id='word_1_188' title='bbox 709 3263 1004 3329; x_wconf 81' lang='lat' dir='ltr'>scribitur</span> <span class='ocrx_word' id='word_1_189' title='bbox 1049 3271 1111 3329; x_wconf 88' lang='lat' dir='ltr'>et</span> <span class='ocrx_word' id='word_1_190' title='bbox 1154 3263 1452 3329; x_wconf 85' lang='lat' dir='ltr'>distincte</span> <span class='ocrx_word' id='word_1_191' title='bbox 1493 3261 1760 3342; x_wconf 85' lang='lat' dir='ltr'>auditur,</span> <span class='ocrx_word' id='word_1_192' title='bbox 1808 3263 1834 3322; x_wconf 81' lang='lat' dir='ltr'><em>i</em></span> <span class='ocrx_word' id='word_1_193' title='bbox 1869 3268 1933 3324; x_wconf 90' lang='lat' dir='ltr'>et</span> <span class='ocrx_word' id='word_1_194' title='bbox 1962 3283 1997 3324; x_wconf 85' lang='lat' dir='ltr'>e</span> 
     </span>
     <span class='ocr_line' id='line_1_30' title="bbox 377 3361 1993 3452; baseline 0.001 -24"><span class='ocrx_word' id='word_1_195' title='bbox 377 3386 780 3451; x_wconf 86' lang='lat' dir='ltr'>nequaquam</span> <span class='ocrx_word' id='word_1_196' title='bbox 830 3366 899 3430; x_wconf 92' lang='lat' dir='ltr'>in</span> <span class='ocrx_word' id='word_1_197' title='bbox 944 3365 1402 3452; x_wconf 82' lang='lat' dir='ltr'>diphthongum</span> <span class='ocrx_word' id='word_1_198' title='bbox 1445 3361 1993 3431; x_wconf 76' lang='lat' dir='ltr'>convenientibuS.</span> 
     </span>
    </p>
   </div>
  </div>
 </body>
</html>
