2634 3992
577 394 660 459 80
1074 393 1152 446 De
1189 394 1357 447 literis
1393 394 1804 465 quiescentibus,

580 546 656 609 ils
715 545 938 623 disent,
994 569 1158 633 quae
1215 546 1310 612 sic
1370 547 1744 629 efferuntur,
1811 549 1946 615 acsi
2007 550 2213 636 scrip-

575 655 717 711 tum
783 655 956 743 eqset
1020 646 1067 709 il
1128 656 1239 711 ont
1304 647 1397 712 dit
1460 659 1524 714 et
1588 654 1613 712 i
1664 651 1885 733 disent,
1942 651 2134 716 etiam
2190 650 2217 713 l

460 834 467 843 .
581 749 971 834 quiescente.
1070 750 1249 815 Intra
1321 752 1530 838 ipsam
1600 761 1813 818 autem
1868 751 2214 817 dictionem

578 871 907 936 nunquam
956 851 1240 935 iungitur
1292 850 1455 916 haec
1498 852 1688 918 litera
1729 875 1875 918 cum
1924 850 1959 915 b
1999 852 2104 917 vel
2173 850 2220 916 d

583 953 692 1017 vel
725 952 785 1034 s
828 952 935 1016 vel
983 974 1037 1037 g
1087 950 1194 1015 vel
1250 949 1276 1011 l
1328 953 1435 1016 vel
1494 976 1524 1014 r
1565 954 1674 1019 vel
1720 978 1754 1018 v
1801 962 2213 1020 consonante.

585 1052 947 1139 Supersunt
1011 1060 1218 1115 autem
1264 1073 1352 1133 sc,
1418 1074 1533 1135 sm,
1600 1077 1698 1137 sn,
1746 1077 1844 1140 sp,
1892 1077 1967 1141 sq
2025 1064 2089 1120 et
2131 1064 2212 1137 st,

586 1176 745 1239 quas
815 1153 1035 1218 literas
1091 1153 1479 1219 antecedens
1535 1155 1849 1220 interdum
1920 1155 2214 1241 quiescit,

582 1254 904 1320 interdum
941 1255 1410 1341 pronuntiatur,
1461 1257 1631 1341 quod
1673 1278 1795 1321 usu
1845 1257 2060 1343 potius
2121 1257 2218 1322 di-

588 1357 787 1422 scitur
830 1379 1020 1443 quam
1077 1355 1210 1420 ulla
1273 1357 1514 1442 regula.
1581 1356 1935 1424 Possumus
2001 1368 2217 1422 tamen

591 1458 836 1544 aliquid
878 1457 957 1522 de
1007 1457 1110 1522 his
1170 1479 1421 1543 quoque
1477 1459 1741 1545 syllabis
1783 1459 2057 1541 tradere,
2101 1458 2221 1524 sed

556 1560 680 1639 ,ita
745 1557 1266 1643 intelligendum,
1341 1567 1413 1622 ut
1482 1561 1891 1647 exceptiones
1953 1562 2033 1626 ab
2097 1582 2219 1625 usu

584 1669 902 1748 petantur.
2085 1678 2092 1685 ·

713 1761 889 1846 Ergo
935 1782 968 1823 s
1011 1760 1081 1824 in
1124 1782 1195 1823 sc
1239 1761 1551 1846 quiescit,
1612 1771 1684 1826 ut
1729 1784 1898 1844 esca,
1953 1764 2219 1841 scavoir,

589 1871 662 1928 ut
701 1862 993 1927 nonnulli
1038 1860 1345 1926 scribunt.
1433 1862 1576 1928 Nec
1619 1863 1790 1927 enim
1834 1864 2065 1930 desunt
2110 1863 2219 1949 qui

591 1985 624 2026 s
666 1962 989 2031 omittant..
1046 1959 1160 2028 Sic
1192 1962 1383 2026 etiam
1425 1964 1912 2048 pronuntiamus
1958 1967 2219 2045 science,

591 2086 625 2127 s
669 2064 1061 2150 quiescente.

719 2164 799 2230 In
851 2186 948 2228 sm
1007 2162 1195 2228 etiam
1253 2163 1558 2248 quiescit,
1640 2171 1713 2226 ut
1763 2159 2011 2245 blesme,
2067 2185 2224 2247 qua-

595 2288 824 2342 resme,
889 2263 1156 2345 blasme,
1224 2264 1294 2331 in
1350 2263 1579 2350 quibus
1630 2262 1881 2328 videtur
1937 2285 1970 2326 s
2027 2263 2226 2330 scribi

597 2367 681 2433 ad
731 2365 1207 2455 producendam
1259 2366 1571 2430 duntaxat
1624 2355 1966 2449 syllabam,
2029 2364 2226 2451 idque

593 2491 730 2534 non
790 2491 989 2555 parvo
1056 2469 1260 2533 abusu
1274 2518 1290 2549 ,
1361 2489 1554 2552 quum
1615 2465 1838 2531 literae
1901 2487 2034 2531 non
2099 2467 2231 2533 sint

596 2568 916 2650 inventae,
940 2577 1010 2633 ut
1029 2566 1572 2655 pronuntiationis
1597 2566 2016 2652 quantitatem
2030 2568 2230 2655 signi-

596 2670 810 2733 ficent.
876 2667 989 2734 Sic
1017 2670 1503 2755 pronuntiamus
1551 2675 1839 2755 correpte
1870 2692 2070 2734 creme
2109 2691 2229 2755 pro

600 2790 945 2834 cremore
973 2769 1191 2845 lactis,
1232 2792 1354 2856 pro
1386 2768 1817 2836 chrismate
1846 2793 2006 2837 vero
2034 2770 2230 2856 longa

598 2869 953 2956 penultima
1005 2870 1343 2937 scribimus
1388 2894 1642 2937 cresme.

726 2970 809 3036 In
837 2992 914 3034 sn
943 2971 1167 3039 itidem
1197 2973 1496 3059 quiescit,
1527 2983 1600 3038 ut
1630 2973 1852 3038 chesne
1883 2974 2228 3061 (quercus).

603 3070 718 3139 Sic
758 3073 1051 3138 nonnulli
1093 3074 1383 3141 scribunt
1423 3075 1645 3139 Rosne
1685 3097 1801 3161 pro
1830 3074 2227 3141 Rhodano.

603 3172 875 3241 Veteres
919 3175 1285 3242 scribebant
1342 3185 1408 3241 et
1455 3176 1703 3264 integre
1734 3177 2046 3243 sonabant
2075 3175 2235 3240 isnel

608 3276 871 3360 (velox).
1992 3338 1997 3343 .

732 3375 813 3441 In
877 3398 952 3462 sp
1022 3378 1377 3465 plerunque
1441 3403 1573 3446 non
1638 3377 1938 3465 quiescit,
2004 3385 2076 3443 ut
2138 3399 2235 3456 es-
