2634 3992
585 296 668 362 58
1152 297 1232 349 De
1266 296 1637 366 triphthongiS.

584 447 811 512 noxias
887 470 964 513 ac
1016 450 1258 531 merito,
1338 451 1394 517 si
1461 452 1599 536 pati
1662 459 1885 536 posset
1946 451 2207 536 linguae

582 550 1010 630 consuetude,
1079 553 1567 638 expungenda8‚
1638 551 1990 617 cuiusmodi
2056 561 2205 617 sunt

584 673 724 726 oea,
772 653 888 730 oei,
935 653 1050 714 uei.

1288 804 1483 879 Eau.

708 957 789 1023 In
851 956 972 1021 hac
1032 956 1442 1042 triphthongo
1510 958 1761 1022 auditur
1827 980 1861 1019 e
1917 959 2200 1025 clausum

574 1079 718 1123 cum
785 1058 1178 1144 diphthongo
1247 1081 1364 1140 au,
1431 1059 1618 1142 quasi
1675 1058 1921 1125 scribas
1979 1083 2072 1140 ec),
2132 1069 2202 1125 ut

577 1180 698 1221 ean
771 1159 1018 1244 (aqua),
1094 1183 1281 1245 quam
1345 1182 1572 1225 vocem
1645 1160 1919 1224 maiores
1996 1161 2198 1225 nostri

574 1258 942 1325 scribebant
986 1271 1050 1326 et
1084 1261 1491 1347 proferebant
1534 1260 1748 1326 addito
1791 1284 1824 1323 e
1852 1260 2196 1326 foeminino

577 1380 751 1440 caue,
806 1382 959 1423 scau
1006 1362 1281 1446 (situla),
1329 1366 1618 1426 rut'sseau
1664 1360 1987 1447 (rivulus),
2036 1384 2195 1424 veau

574 1459 902 1547 (vitulus),
949 1461 1106 1527 beau
1137 1464 1407 1548 (bellus)
1443 1474 1750 1550 sequente
1785 1471 2192 1544 consonante,

573 1571 644 1626 ut
687 1586 770 1625 un
814 1563 972 1629 beau
1017 1576 1332 1649 manteau,
1379 1590 1466 1629 un
1510 1565 1668 1629 beau
1707 1587 1986 1652 gar90n3
2048 1587 2194 1628 nam

571 1675 878 1749 sequente
908 1668 1119 1733 vocali
1149 1669 1424 1733 dicimus
1449 1666 1564 1748 hel,
1599 1675 1667 1730 ut
1699 1689 1781 1727 un
1813 1665 1910 1728 bel
1932 1665 2188 1738 homme,

572 1787 658 1826 un
688 1763 790 1828 hel
830 1767 1090 1849 accord,
1136 1770 1307 1834 unde
1355 1769 1555 1835 oritur
1594 1767 2006 1834 foemininum
2045 1766 2194 1830 belle

568 1865 821 1952 (bella).
869 1867 1150 1934 Vitanda
1180 1880 1282 1936 est
1310 1879 1527 1937 autem
1570 1868 1986 1936 vitiosissima
2013 1868 2189 1952 vulgi

568 1967 958 2034 Parisiens‘is
1002 1971 1434 2056 pronuntiatio
1487 1971 1556 2034 in
1595 1970 1717 2033 hac
1758 1968 2184 2052 triphthongO,

566 2092 798 2155 nempe
836 2071 1026 2135 l’iaue
1058 2082 1121 2138 et
1150 2073 1302 2136 l’iau
1330 2095 1446 2157 pro
1477 2071 1661 2149 l‘eau,
1693 2067 1869 2146 heau,
1896 2071 2185 2129 ruisseau

566 2179 634 2235 et
676 2171 926 2237 similia.

1296 2325 1446 2397 Ieu.

689 2475 969 2540 Auditur
1021 2475 1207 2540 etiam
1257 2474 1326 2539 in
1381 2474 1502 2537 hac
1544 2469 1958 2556 triphthongo
2006 2473 2028 2532 i
2071 2494 2184 2536 vo-

559 2574 721 2651 calis
769 2596 909 2639 cum
943 2574 1336 2660 diphthongo
1381 2595 1457 2635 eu
1484 2571 1723 2657 raptim
1753 2571 2181 2657 pronuntiata,

560 2682 631 2737 ut
669 2677 846 2737 cieux
876 2674 1111 2757 (coeli),
1140 2674 1303 2736 Dieu
1331 2673 1589 2754 (Deus),
1638 2672 1825 2735 (lieux
1857 2671 2016 2756 (dii),
2061 2672 2184 2735 lieu

559 2774 824 2857 (locus),
872 2774 1039 2837 lieux
1084 2775 1293 2857 (loci),
1339 2778 1484 2839 ieux
1528 2773 1762 2858 (oculi)
1809 2795 1848 2836 a
1879 2773 2185 2859 singulari

560 2875 849 2941 obsoleto
896 2876 1040 2958 ieul,
1063 2898 1188 2962 quo
1218 2877 1450 2963 vulgus
1483 2874 1946 2940 Parisiensium
1978 2874 2182 2940 adhuc

558 2976 771 3041 utitur.
872 2976 998 3044 Est
1049 2985 1257 3043 autem
1311 2978 1473 3044 haec
1529 2977 1723 3044 dictio
1782 2997 1821 3038 a
1870 2975 2178 3039 vocabulo

542 3078 702 3160 jeux
732 3078 908 3162 (ioci)
953 3078 1393 3162 discernenda,
1437 3080 1507 3144 in
1546 3101 1672 3165 qua
1716 3081 1740 3139 i
1779 3097 1909 3139 non
1940 3082 2038 3139 est
2064 3098 2178 3140 vo-

559 3178 736 3259 calis,
785 3180 900 3245 sed
944 3201 1327 3247 consonans,
1407 3181 1496 3246 Et
1536 3182 1642 3249 hic
1685 3177 1989 3245 monendi
2033 3186 2180 3240 sunt

556 3277 882 3362 Germani,
929 3288 999 3344 ut
1040 3282 1344 3366 paulatim
1388 3281 1537 3348 huic
1580 3283 1989 3368 triphthongo
2032 3304 2180 3368 rap—
