2634 3992
597 427 679 491 22
1133 424 1212 478 De
1249 425 1686 481 consonantibus,

597 584 745 642 ante
812 599 851 639 a
905 552 969 642 e‘t
1036 577 1502 664 diphthongum
1554 602 1667 661 aa,
1757 579 1912 644 item
1978 586 2125 643 ante
2185 601 2223 641 ο

597 687 665 744 et
701 701 782 741 ou
825 677 1303 765 diphthongum,
1353 689 1418 745 et
1458 704 1499 743 u
1530 689 1594 747 et
1625 683 1692 743 ui
1737 678 2221 766 diphthongum,

596 801 827 844 sonum
871 802 1056 844 suum
1096 781 1402 864 nativum,
1470 782 1880 869 paucissimis
1937 780 2224 866 exceptis

593 881 946 963 vocabuIiS,
984 891 1211 964 servat,
1237 891 1306 947 ut
1326 906 1435 948 cas
1457 885 1717 966 (casus),
1743 903 1930 945 cause
1949 882 2216 965 (causa),

596 982 877 1045 columne
908 983 1273 1067 (columna),
1314 985 1526 1049 coteler·
1550 985 1833 1065 (colare),
1861 1005 2039 1045 curer
2083 983 2221 1064 (cu-

592 1084 779 1165 rare),
833 1085 984 1165 cuir,
1041 1084 1300 1149 corium.
1387 1086 1483 1150 At
1524 1093 1669 1150 ante
1712 1084 1970 1149 vocales
2017 1107 2051 1143 e
2094 1094 2158 1148 et
2202 1086 2229 1145 z·

593 1186 1038 1272 pronuntiatur
1092 1186 1260 1251 sicut
1311 1208 1345 1248 s
1401 1186 1734 1267 Latinum,
1791 1193 1862 1249 ut
1916 1207 1987 1248 ce
2040 1193 2105 1249 et
2149 1186 2223 1259 ci,

604 1308 681 1351 ac
725 1285 783 1352 si
824 1286 1133 1372 scriptum
1179 1295 1355 1353 esset
1397 1310 1469 1351 se
1511 1296 1576 1353 et
1618 1290 1691 1351 si.

713 1387 871 1452 Dixi
917 1388 1127 1474 excipi
1173 1389 1483 1473 quasdam
1510 1411 1752 1475 paucas
1786 1386 2102 1452 dictiones
2151 1386 2222 1450 in

595 1489 826 1575 quibus
880 1489 1097 1554 itidem
1153 1498 1224 1553 ut
1277 1512 1310 1552 s
1369 1489 1672 1556 Latinum
1721 1488 2039 1576 profertur
2090 1496 2225 1552 tum

601 1599 749 1655 ante
790 1614 829 1652 a
872 1600 1010 1655 tum
1054 1599 1203 1655 ante
1251 1616 1309 1664 0,
1357 1591 1714 1656 cuiusmodi
1746 1597 1895 1655 sunt
1923 1612 2016 1665 ca,
2053 1586 2223 1664 fleca,

579 1692 811 1774 facon,
863 1691 1206 1775 faconner,
1258 1691 1520 1778 glacon,
1564 1714 1807 1768 mocon,
1868 1713 2222 1765 maconner‚

609 1792 895 1868 limacem,
931 1794 1229 1876 poincon,
1261 1795 1675 1877 poinconner‚
1734 1802 1797 1858 et
1840 1793 2048 1858 activa
2086 1801 2225 1856 tum

599 1893 942 1979 praeterita
965 1900 1103 1956 tum
1131 1893 1474 1980 partieipia
1516 1896 1594 1959 ab
1637 1894 1904 1958 infinitis
1949 1916 2113 1979 quae
2154 1893 2225 1958 in

600 2017 703 2057 cer
757 1993 1074 2076 desinunt,
1131 2003 1203 2058 ut
1258 2018 1297 2060 a
1350 2018 1725 2060 commencer
1788 1997 1863 2059 fit
1918 2017 2223 2058 commen-

603 2103 750 2158 cant
801 2103 864 2160 et
926 2118 1375 2174 commencons,
1433 2119 1813 2175 commenca,
1871 2103 1934 2161 et
1988 2095 2043 2160 si
2099 2118 2225 2182 qua

601 2204 751 2262 sunt
778 2196 1091 2263 eiusmodi
1113 2223 1145 2260 s
1166 2198 1399 2264 Latino
1429 2197 1926 2285 pronuntianda3
1960 2221 2224 2283 quarum

602 2298 953 2363 dictionum
980 2300 1270 2364 nonnulli
1301 2300 1612 2386 quasdam
1653 2300 1894 2365 inserta
1937 2321 1972 2361 e
2012 2299 2221 2364 vocali

601 2399 972 2486 quiescente
1018 2400 1323 2483 scribunt,
1369 2409 1439 2466 nt
1484 2423 1871 2464 commencea
1916 2421 2223 2462 commen·

601 2523 810 2571 ceons,
858 2501 965 2566 alii
989 2524 1172 2584 ver0,
1222 2524 1385 2588 quos
1410 2502 1670 2567 omnino
1716 2500 2077 2587 sequendos
2123 2523 2223 2565 ar-

602 2601 818 2684 bitror,
849 2602 1035 2666 litera
1064 2624 1096 2666 s
1125 2612 1434 2689 tanquam
1463 2603 1669 2667 cauda
1697 2602 1972 2688 quadam
2000 2602 2222 2667 literae

600 2725 637 2765 c
679 2704 964 2787 subjecta
1004 2712 1256 2786 notant,
1303 2712 1370 2769 et
1410 2704 1578 2768 hanc
1619 2703 1872 2768 literam
1915 2726 1947 2764 c
1991 2704 2224 2768 cauda-

601 2810 738 2866 tum
789 2802 1233 2889 Hispanorum
1285 2829 1463 2871 more
1505 2812 1758 2887 vocant,
1806 2812 1878 2868 ut
1922 2827 2015 2889 ςα,
2051 2803 2223 2889 Aega,

580 2904 810 2989 sagon,
838 2905 1171 2989 fayonner,
1216 2928 1458 2990 macen,
1517 2927 1878 2990 mayonner,
1925 2907 2219 2991 poington,

583 3007 997 3091 poinyonner,
1044 3028 1464 3096 commencay,
1506 3028 1878 3090 commengo,
1919 3026 2222 3068 commen-

601 3129 771 3192 gtons,
818 3114 1256 3190 commenyanl.

725 3206 997 3288 Quoties
1041 3216 1253 3273 autem
1294 3208 1446 3273 huic
1490 3208 1712 3273 literae
1766 3207 2071 3273 adhaeret
2122 3228 2225 3272 se-

602 3332 805 3395 quens
849 3307 1184 3393 aspiratio,
1244 3330 1660 3393 quaecunque
1709 3307 1948 3373 vocalis
1995 3329 2224 3392 sequa-

596 3416 728 3488 tur,
794 3415 930 3471 tum
995 3408 1158 3472 solet
1221 3429 1439 3472 crasso
1504 3407 1778 3492 quodam
1857 3416 1923 3472 et
1997 3407 2224 3493 pingui
