2634 3992
1110 345 1168 399 F.
1240 344 1303 401 G.
1376 345 1441 400 H.
2011 344 2088 410 75

472 497 873 584 digammatis
949 497 1212 579 Gallici,
1291 520 1521 584 nempe
1586 521 1641 579 v,
1712 506 1841 562 tam
1906 496 2088 561 initio

471 599 849 681 dictionum,
913 622 1101 686 quam
1154 600 1323 664 intra
1373 600 1552 686 ipsas
1610 598 1953 678 dictiones»,
2024 606 2090 663 ut

469 702 622 789 viae,
666 709 873 782 nai‘ve,
909 725 1122 788 greve,
1169 701 1369 782 breve,
1417 723 1628 765 neuve.
2023 700 2028 705 ’

1147 855 1263 929 De
1328 851 1415 930 G.

599 1003 659 1067 G
716 1005 985 1091 quiescit
1036 1015 1181 1072 ante
1226 1029 1265 1069 n
1316 1005 1509 1071 molle
1561 1012 1629 1068 ut
1665 1025 1920 1092 gagner
1962 1002 2089 1087 (lu-

472 1105 685 1190 crari).
752 1106 927 1173 Usus
974 1116 1192 1173 tamen
1237 1107 1536 1188 obtinuit,
1582 1116 1652 1170 ut
1696 1104 2096 1191 excipiantur

470 1206 810 1290 quaedam,
866 1218 938 1272 ut
978 1211 1160 1294 signe
1203 1207 1521 1292 (signum)
1566 1229 1713 1273 cum
1768 1206 2091 1287 derivatis,

471 1314 540 1369 ut
562 1310 780 1395 signer
801 1310 1135 1394 (signare),
1161 1312 1446 1396 resignet·
1470 1309 1869 1391 (resignare),
1903 1328 2095 1391 regne

472 1410 791 1493 (regnum)
854 1420 919 1473 et
977 1432 1227 1496 regner·
1256 1414 1594 1495 (regnare),
1658 1409 1730 1472 in
1775 1407 2003 1492 quibus
2041 1428 2095 1492 g

469 1509 747 1593 quiescit
800 1520 866 1573 et
920 1533 960 1571 n
1015 1511 1232 1575 nativo
1292 1533 1409 1576 suo
1468 1533 1625 1576 sono
1682 1519 1747 1573 et
1800 1529 1932 1571 non
1982 1507 2093 1574 illo

469 1609 644 1672 molli
689 1608 972 1691 effertur,
1021 1611 1205 1695 quasi
1246 1611 1554 1696 scriptum
1597 1609 1682 1675 sit
1708 1611 1854 1689 sine,
1901 1610 2089 1692 siner,

472 1710 727 1788 resiner,
796 1732 960 1792 rene,
1021 1734 1219 1779 tener.
1305 1708 1500 1790 Quod
1553 1720 1766 1775 autem
1806 1710 2096 1775 nonnulli

469 1808 745 1896 imperiti
786 1809 953 1876 hanc
980 1812 1225 1877 literam
1257 1812 1543 1877 scribunt
1569 1812 1637 1876 in
1680 1812 1780 1877 his
1825 1810 2092 1878 vocibus

473 1931 609 1998 ung
652 1909 897 1997 (unus),
946 1916 1256 2000 lesmoing
1311 1914 1568 1995 (testis),
1625 1916 1813 1999 Soing
1865 1915 2090 1995 (cura),

473 2008 737 2101 besoing
778 2015 1011 2101 (opus),
1071 2015 1303 2080 vitiose
1345 2015 1660 2078 scribitur.
1726 2016 1894 2079 Nam
1924 2014 2093 2100 quod

470 2112 540 2178 in
582 2113 884 2181 derivatis
919 2120 1296 2203 lesmoigner
1326 2115 1619 2196 (testari),
1664 2119 1921 2202 wig-ner
1956 2120 2093 2196 (cu-

471 2234 604 2280 ram
643 2215 922 2300 habere),
970 2216 1278 2306 besegner
1320 2216 1660 2298 (laborare)
1715 2216 2098 2281 adscribitur

467 2339 539 2398 g,
581 2317 649 2380 id
687 2319 761 2383 fit
787 2327 1048 2406 propter
1077 2343 1117 2380 n
1160 2318 1376 2399 molle,
1426 2340 1501 2383 ac
1542 2317 1810 2403 proinde
1850 2317 1920 2381 in
1964 2317 2093 2382 illis

469 2412 855 2484 thematibus
885 2420 1098 2485 nullus
1143 2429 1242 2485 est
1283 2420 1344 2484 ei
1386 2421 1586 2486 locus.
1652 2419 1857 2484 Immo
1903 2418 2094 2483 etiam

471 2534 604 2579 non
659 2517 878 2584 debuit
919 2521 1305 2608 etymologia
1350 2521 1620 2603 efficere,
1668 2528 1738 2584 ut
1782 2518 2094 2584 scribatur

473 2620 830 2701 cogneistre
876 2631 938 2685 et
967 2626 1451 2711 cognoissance,
1500 2625 1580 2686 ut'
1600 2620 1754 2687 alibi
1797 2619 2090 2685 diximus,

473 2712 787 2782 Scribitur
844 2713 1057 2787 autem
1105 2724 1329 2790 merito
1391 2733 1454 2786 et
1508 2722 1782 2806 quiescit
1821 2722 1891 2786 in
1930 2737 2090 2787 voce

472 2816 740 2905 hareng,
808 2843 922 2906 pro
965 2820 1265 2904 halece,
1337 2846 1374 2887 a
1429 2845 1551 2908 quo
1607 2823 1928 2888 derivatur
1981 2822 2094 2885 ha-

473 2940 736 3007 rengere
781 2930 845 2985 et
885 2920 1270 3009 berenger-ie.

1147 3075 1263 3149 De
1314 3074 1413 3149 H.

597 3226 1036 3312 Aspirationis
1093 3234 1247 3292 nota
1287 3226 1356 3290 in
1399 3226 1667 3292 vocibus
1712 3223 1985 3291 Graecis
2031 3232 2094 3289 et

470 3325 722 3394 Latinis
777 3327 1076 3415 aspiratis
1143 3338 1207 3393 et
1255 3328 1325 3392 in
1378 3326 1752 3393 Francicam
1804 3325 2093 3411 linguam
