2634 3992
1603 690 1982 849 sa?

1581 818 2076 1017 mam!

815 1164 1194 1259 Lectori
1261 1163 1724 1258 benevolo

1074 1349 1163 1420 Δ.
1211 1347 1483 1421 'l'obler

1126 1484 1194 1553 S.
1237 1484 1312 1550 P.
1357 1483 1438 1550 D.

557 1675 825 1803 Eorum
901 1738 1008 1825 qui
1084 1737 1402 1805 Theodori
1464 1737 1678 1804 Bezae
1757 1738 1837 1804 de
1909 1749 2087 1806 reeta

469 1856 820 1923 Franoieae
841 1857 1096 1943 linguae
1123 1857 1639 1945 pronuntiatione
1666 1857 1951 1924 libellum
1978 1859 2085 1926 vel

464 1976 812 2064 perlectum
879 1976 1117 2042 habent
1179 1977 1286 2043 vel
1347 1986 1663 2043 noverunt
1714 1999 1877 2063 quae
1930 1978 2081 2044 inde

462 2093 731 2161 Diezius
797 2095 880 2160 ad
942 2096 1385 2162 illustrandam
1458 2105 1740 2162 veterum
1801 2095 2084 2163 Franco-

465 2214 777 2300 gallorum
796 2216 1383 2302 pronuntiationem
1407 2214 1782 2301 desumpsit,
1812 2214 2080 2281 Livetus

464 2333 658 2400 multo
683 2334 872 2421 plura
890 2334 960 2398 in
992 2357 1353 2401 sermonem
1385 2333 1902 2419 fianoogallieum
1939 2357 2082 2400 ver-

462 2451 559 2533 tit,
590 2453 909 2519 neminem
935 2475 1082 2519 esse
1128 2453 1424 2520 existimo
1456 2452 1567 2539 qui
1609 2451 1879 2534 dubitet,
1927 2453 2082 2538 quin

465 2569 717 2635 maximi
756 2570 887 2637 sint
911 2571 1101 2658 pretii
1134 2594 1292 2659 quas
1328 2571 1406 2637 de
1438 2570 1797 2658 aequalium
1824 2570 2083 2658 loquela

468 2694 533 2750 et
570 2687 735 2753 bene
763 2688 1161 2775 loquentium
1204 2699 1269 2756 et
1309 2689 1779 2777 provinciarum
1823 2711 2081 2757 suarum

464 2826 622 2870 usus
659 2814 1019 2872 secutorum
1053 2816 1271 2874 auctor
1290 2809 1553 2896 reliquit
1571 2808 1856 2874 notitiae.
1898 2808 2079 2875 Duo-

467 2922 714 2990 decimo
755 2924 1003 2991 scilieet
1041 2934 1149 2990 aut
1184 2927 1377 2992 tertio
1423 2925 1669 2992 decimo
1713 2936 1864 3012 post
1892 2925 2078 2995 Chri-

466 3052 635 3109 stum
656 3051 873 3108 natum
904 3043 1160 3109 saeculo
1189 3045 1574 3109 urbanorum
1597 3042 1851 3111 Galliae
1878 3044 2080 3110 homi-

463 3185 617 3227 num
638 3162 925 3249 linguam
945 3160 1181 3248 pariter
1203 3183 1470 3227 sonasse
1495 3170 1684 3247 atque
1705 3161 1916 3227 Bezae
1931 3211 1947 3241 ‚
1970 3163 2079 3248 qui

463 3280 668 3346 tribus
731 3290 882 3368 post
945 3279 1220 3346 saeculis
1281 3278 1520 3362 floruit,
1592 3301 1723 3344 non
1788 3279 1908 3345 erit
1968 3281 2079 3367 qui

466 3397 713 3480 eredat,
793 3398 1171 3490 praesertim
1254 3421 1445 3489 quum
1514 3407 1774 3467 moneat
1842 3397 2080 3467 Genini

934 3614 1352 3676 ‚11:340425

934 3636 1368 3710 malmin
