2634 3992
570 311 654 375 68
1055 309 1134 363 De
1172 310 1341 364 literis
1377 310 1787 379 quiescentibus.

570 486 636 545 u,
694 483 793 544 su,
848 482 1054 545 ressa,
1116 485 1216 545 vu,
1272 462 1506 530 vitiose
1564 472 1764 531 totam
1813 465 1883 530 in
1937 464 2040 530 his
2099 464 2197 529 di-

569 562 966 650 phthongum
1007 563 1417 631 efferentibus
1460 566 1747 633 Aureliis
1793 574 1855 631 et
1898 563 2197 634 Carnuti-

570 665 693 730 bus
747 673 936 752 atque
982 665 1142 731 adeo
1185 666 1591 733 Normannis.

1274 818 1486 892 DeI.

700 968 739 1031 I
765 969 1040 1055 quiescit
1081 978 1227 1033 ante
1275 970 1514 1056 duplex
1557 968 1597 1051 l,
1646 972 1814 1055 quod
1859 974 2048 1039 molle
2090 995 2203 1039 vo-

578 1071 891 1151 cavimus,
937 1069 1362 1156 praecedente
1397 1070 1502 1136 vel
1533 1093 1592 1152 a,
1638 1078 1710 1135 ut
1737 1073 1920 1137 caille
1966 1075 2203 1155 (cotur-

572 1171 743 1254 nix),
784 1171 891 1236 vel
928 1193 980 1252 e,
1024 1179 1097 1235 ut
1127 1171 1341 1235 oreille
1371 1171 1595 1255 (auris)
1610 1222 1625 1253 ,
1672 1172 1779 1237 vel
1808 1171 2204 1259 diphthongo

575 1296 672 1355 eu,
711 1282 782 1338 ut
791 1271 1022 1356 feuille
1051 1270 1323 1356 (folium)
1357 1310 1438 1320 -
1472 1273 1567 1339 sic
1598 1273 1771 1339 enim
1801 1273 2206 1341 scribendam

579 1376 849 1442 arbitror
898 1373 1066 1439 hanc
1119 1396 1343 1441 vocem
1398 1383 1463 1440 et
1519 1375 1679 1441 alias
1737 1374 1977 1441 similes
1993 1426 2008 1455 ‚
2073 1397 2207 1441 non

576 1485 649 1541 ιιι
689 1476 882 1562 vulgo
914 1475 1142 1559 solent,
1157 1474 1411 1560 fueille,
1455 1477 1679 1541 vueille
1706 1513 1813 1558 —,
1838 1475 1946 1542 vel
1990 1498 2090 1558 ou,
2137 1484 2209 1540 ιιι

580 1578 882 1642 mouiller.
983 1577 1131 1641 Non
1197 1576 1480 1662 quiescit
1543 1588 1757 1645 autem
1823 1578 2012 1643 etiam
2061 1585 2206 1643 ante

583 1679 821 1765 duplex
863 1678 911 1741 ll
954 1677 1167 1758 molle,
1214 1678 1472 1762 quando
1526 1680 1669 1745 finit
1717 1680 2209 1767 praecedentem

587 1779 926 1864 syllabam,
1005 1787 1077 1842 ut
1145 1775 1302 1858 bille,
1360 1778 1522 1865 fille,
1572 1779 1857 1863 famine,
1936 1780 2210 1860 chesnius,

569 1878 765 1966 piller
807 1899 950 1943 cum
995 1877 1317 1946 derivatis.

1269 2032 1387 2108 De
1436 2031 1516 2108 Ο.

612 2205 621 2215 ’
710 2181 895 2249 Haec
924 2183 1168 2250 vocalis
1193 2182 1468 2269 quiescit
1495 2182 1565 2247 in
1596 2180 1989 2268 diphthongo
2012 2201 2113 2260 ao,
2138 2186 2210 2244 ut

573 2308 761 2372 paon
791 2284 1045 2372 (pavo),
1060 2286 1232 2365 saon
1276 2283 1569 2381 (foetus2.
1634 2282 1756 2347 Est
1797 2280 1969 2345 enim
1998 2278 2209 2347 Gallis

586 2388 1075 2454 molestissimus
1142 2405 1493 2452 concursus
1556 2381 1873 2448 vocalium
1940 2406 1976 2445 o
2033 2390 2099 2449 et
2149 2405 2210 2465 a,

594 2490 785 2555 etiam
845 2498 1024 2555 extra
1076 2488 1540 2575 diphthongum
1612 2491 1675 2577 et
1715 2484 2096 2571 interposito
2151 2506 2211 2566 n,

586 2598 659 2654 ut
718 2613 800 2654 on
844 2613 883 2652 a
929 2588 1032 2672 dit,
1105 2590 1276 2675 quod
1317 2587 1825 2674 pronuntiamus,
1873 2587 2061 2673 quasi
2104 2586 2215 2652 da-

589 2689 893 2775 ghessato
958 2713 999 2752 n
1054 2689 1496 2756 Hebraeorum
1556 2711 1731 2754 more
1777 2689 2092 2756 scribatur
2134 2709 2216 2752 on

587 2814 673 2855 na
706 2790 812 2854 dit.
880 2789 1380 2857 Bituricensium
1409 2798 1582 2857 certe
1610 2812 1752 2856 mos
1781 2789 1852 2855 in
1887 2789 2012 2856 hoc
2056 2810 2214 2856 sono

593 2891 912 2957 efferendo
974 2915 1091 2979 per
1153 2891 1432 2980 simplex
1480 2916 1521 2955 n
1578 2891 2074 2958 molestissimus
2118 2896 2217 2955 est

587 2995 977 3061 Francorum
1039 3015 1199 3080 pure
1255 2993 1654 3080 loquentium
1711 2992 1988 3059 auribus.
2083 2987 2218 3056 Sed

589 3105 658 3162 et
713 3118 907 3182 quum
956 3094 1286 3181 praecedit
1338 3118 1379 3158 a
1430 3096 1660 3160 finiens
1722 3092 2091 3173 dictionem,
2158 3089 2218 3155 si

591 3219 873 3283 sequens
925 3195 1119 3261 dictio
1161 3194 1433 3282 incipiat
1473 3197 1553 3263 ab
1601 3219 1661 3277 o,
1708 3190 2128 3278 interponitur
2171 3197 2211 3271 t,

594 3298 891 3384 quamvis
921 3320 1052 3364 non
1096 3296 1428 3365 scribatur.
1497 3293 1801 3364 Scribunt
1842 3291 2015 3360 enim
2041 3288 2218 3360 Galli
