2634 3992
552 321 632 387 46
1139 317 1218 371 De
1255 315 1616 387 diphthongis,

551 473 1060 539 interiectionem
1134 471 1461 537 incitantis
1526 470 1636 534 hai
1691 468 1823 546 hai,
1880 492 2013 535 non
2056 469 2190 535 dis·-

556 575 868 661 syllabam
889 577 973 639 ‘ut
1016 574 1086 638 in
1112 573 1453 660 participio
1483 571 1603 635 Ιιαϊ
1623 571 1930 654 (exosus),
1976 572 2091 636 sed
2118 580 2193 637 ut

553 676 1083 762 monosyllabam,
1136 675 1303 739 sicut
1341 673 1599 739 Picardi
1635 673 1970 738 interiores
1996 672 2193 739 hodie

556 800 808 864 quoque
830 778 1001 844 hanc
1036 798 1270 841 vocem
1308 777 1501 838 aimer
1527 775 1958 859 pronuntiant.
2010 774 2195 842 Sicut

557 889 769 946 autem
792 879 1185 967 posteriores
1210 875 1430 942 Latini
1451 875 1668 941 aulai
1698 882 1761 940 et
1787 876 2035 963 pictai
2057 874 2191 941 dis-

558 981 824 1067 syllaba,
873 1002 1039 1067 quae
1083 988 1315 1067 poetae
1356 1000 1472 1064 per
1515 969 1820 1039 διάλυσιν
1857 975 2195 1061 trisyllaba

563 1085 878 1164 fecerunt,
922 1088 1249 1147 mutarunt
1289 1080 1360 1144 in
1405 1080 1629 1145 aulae
1676 1087 1740 1144 et
1766 1078 2059 1165 pictae,
2102 1075 2195 1139 ita

568 1185 762 1251 etiam
803 1183 1059 1265 Franci,
1111 1182 1263 1247 licet
1305 1189 1559 1247 servata
1599 1187 1816 1245 vetere
1859 1177 2195 1262 scriptura,

568 1294 916 1373 coeperunt
955 1286 1125 1350 hanc
1170 1281 1635 1369 diphthongum
1666 1303 1783 1367 per
1812 1300 1890 1342 ae
1915 1299 2197 1364 pronun-

566 1387 728 1452 tiare
744 1435 763 1471 ‚
797 1387 894 1454 sic
920 1396 1134 1452 tamen
1164 1392 1235 1450 ut
1259 1384 1331 1448 in
1362 1384 1501 1450 eius
1529 1381 1886 1469 prolatione
1913 1399 2125 1464 neque
2152 1399 2198 1440 a

567 1511 778 1575 neque
820 1511 855 1552 e
898 1489 1210 1569 audiatur,
1258 1487 1374 1552 sed
1402 1485 1640 1551 mixtus
1672 1506 1753 1549 ex
1777 1481 1901 1546 hac
1929 1487 2197 1564 utraque

567 1591 778 1658 vocali
799 1590 1024 1656 tertius
1052 1610 1269 1670 sonus,
1302 1588 1362 1652 is
1384 1586 1686 1652 videlicet
1705 1605 1899 1670 quem
1920 1604 1954 1645 e
1976 1588 2198 1667 aperto

572 1691 990 1758 attribuimus,
1080 1687 1297 1771 Quum
1354 1688 1526 1754 enim
1567 1685 1811 1753 vocalis
1857 1706 1891 1747 e
1937 1681 2199 1768 proprie

572 1817 739 1882 pene
772 1791 1129 1859 coniunctis
1173 1789 1469 1856 dentibus
1510 1787 1869 1855 enuntietur
1911 1783 2054 1870 (qui
2094 1804 2200 1847 8οψ

569 1920 692 1963 11118
739 1904 838 1961 est
879 1918 914 1959 e
958 1917 1149 1981 quem
1180 1892 1469 1957 clausum
1497 1885 1923 1970 vocavimus),
1967 1886 2038 1950 in
2075 1884 2202 1951 hac

572 1998 964 2085 diphthongo
1011 1996 1331 2062 adiectum
1375 2015 1415 2054 a
1466 1989 1764 2077 prohibet
1822 1988 2048 2053 dentes
2093 2008 2203 2052 oc-

573 2101 762 2181 cludi,
811 2107 876 2165 et
902 2097 1199 2165 vicissim
1238 2117 1272 2158 e
1312 2100 1507 2174 vetat,
1550 2113 1634 2156 ne
1680 2114 1721 2153 a
1766 2090 1937 2156 claro
1981 2089 2092 2155 illo
2139 2094 2205 2154 et

574 2226 805 2271 sonoro
838 2223 954 2268 suo
985 2220 1144 2265 sono
1163 2194 1536 2284 proferatur.
1579 2191 1896 2278 Exemplo
1909 2198 2058 2257 sunt
2076 2189 2204 2254 hae

573 2329 768 2373 voces
814 2301 1104 2390 parfaite
1157 2304 1222 2363 et
1259 2294 1604 2382 prophete,
1662 2315 1926 2379 quarum
1975 2289 2204 2377 penul-

571 2410 763 2480 timae
805 2428 936 2471 non
977 2422 1105 2468 uno
1143 2398 1334 2465 modo
1379 2396 1757 2477 scribuntur,
1816 2392 1930 2458 sed
1977 2390 2204 2457 eodem

572 2511 828 2599 penitus
874 2527 1033 2574 sono
1077 2498 1504 2569 enuntiantur.
1584 2495 1694 2563 Sic
1735 2494 1910 2580 prior
1955 2492 2204 2579 syllaba

572 2613 645 2678 in
686 2611 940 2672 maistre
984 2613 1049 2670 et
1089 2600 1300 2666 media
1340 2599 1411 2663 in
1444 2604 1784 2684 permettre
1836 2616 1969 2660 non
2021 2615 2205 2675 sono,

577 2712 689 2779 sed
771 2709 912 2776 sola
987 2702 1346 2792 quantitate
1424 2699 1741 2765 differunt.
1837 2695 2007 2761 Nam
2090 2692 2205 2758 illa

576 2814 829 2903 quidem
882 2811 1078 2894 longa
1139 2813 1240 2870 est
1289 2825 1411 2890 per
1467 2823 1501 2865 s
1567 2799 1909 2886 quiescens
1962 2802 2203 2877 notata,

574 2918 702 2985 ista
741 2935 893 2980 vero
937 2908 1154 2977 brevis
1201 2912 1320 2985 est,
1362 2903 1435 2967 in
1477 2925 1604 2989 qua
1634 2899 1816 2987 prius
1851 2908 1880 2963 t
1905 2895 2203 2986 quiescit,

577 3016 923 3086 ostendens
967 3034 1002 3077 e
1037 3032 1170 3076 non
1222 3028 1368 3073 0880
1397 3006 1706 3086 clausum,
1747 3001 1863 3068 sed
1893 3006 2204 3088 apertum.

578 3119 708 3190 Sed
762 3118 885 3183 duo
943 3121 1091 3180 sunt
1138 3117 1472 3198 praeterea
1524 3107 1594 3170 in
1635 3104 1760 3169 hac
1802 3099 2201 3188 diphthongo

460 3220 461 3223 '
575 3220 870 3289 notanda.
944 3215 1181 3297 Unum,
1223 3208 1540 3278 interdum
1571 3229 1689 3293 per
1728 3197 2024 3267 διάλυσιν
2058 3220 2208 3265 0880

576 3317 1106 3411 pronuntiandam
1147 3324 1219 3381 ut
1244 3315 1314 3383 in
1344 3311 1539 3379 verbo
1567 3307 1706 3372 kair
1749 3301 2039 3386 (odisse),
2071 3297 2205 3364 dis·-
