2634 3992
1233 329 1296 385 B.
1994 330 2070 394 71

451 509 504 574 g
559 485 860 565 dicemus,
920 491 983 549 et
1035 504 1068 546 s
1110 483 1179 548 in
1221 485 1511 571 plurimis
1553 484 1851 565 vocibus,
1909 483 2076 550 sicut

459 608 574 652 suo
615 587 760 653 loco
806 585 1286 651 declarabimus.

581 687 670 752 II.
736 684 1010 767 Quoties
1069 686 1367 752 scribitur
1412 685 1648 773 duplex
1692 707 2070 768 consonans,

455 790 631 876 prior
702 787 1001 874 quiescit,
1077 787 1362 874 exceptis
1436 810 1522 868 ce,
1598 809 1739 869 mm,
1810 810 1916 869 nn,
1993 811 2074 868 rr,

458 902 724 975 quarum
762 897 990 954 neutra
1031 889 1334 973 quiescit,
1391 888 1507 954 sed
1547 889 1724 976 prior
1765 888 2074 973 syllabam

455 989 941 1076 praecedentem
978 990 1297 1072 terminat,
1342 991 1659 1077 posterior
1686 1013 1838 1055 vero
1879 989 2073 1076 sylla-

456 1093 607 1158 bam
666 1093 953 1174 inchoat,
1018 1101 1090 1156 ut
1153 1114 1333 1155 acces
1387 1091 1764 1174 (accessus),
1830 1091 2075 1154 homme

458 1192 719 1277 (homo),
745 1193 942 1258 bonne
956 1195 1194 1276 (bona),
1212 1215 1446 1281 guerre
1462 1193 1769 1275 (bellum).
1813 1192 2075 1280 Duplex

457 1295 627 1359 enim
664 1295 714 1358 ll
735 1318 867 1360 non
895 1294 1339 1383 pronuntiatur
1382 1303 1452 1357 ut
1495 1294 1730 1380 duplex
1744 1344 1761 1375 ,
1808 1294 1924 1358 sed
1966 1293 2072 1359 vel

454 1404 526 1459 ut
559 1396 859 1480 simplex,
891 1405 961 1459 ut
971 1396 1239 1478 femelle
1268 1393 1615 1477 (foemina),
1648 1392 1800 1456 belle
1830 1393 2068 1476 (bella),

455 1497 564 1560 vel
616 1496 792 1560 molli
834 1496 944 1560 illo
991 1518 1176 1576 son0,
1235 1495 1315 1560 de
1360 1517 1484 1581 quo
1530 1495 1904 1580 saepissime
1946 1496 2072 1561 iam

457 1620 498 1661 a
562 1596 749 1662 nobis
817 1596 1052 1660 dictum
1108 1604 1223 1661 est.
1320 1595 1676 1681 Itidemque
1740 1596 1976 1682 duplex
2036 1619 2069 1660 s

455 1720 589 1762 non
617 1697 1062 1782 pronuntiatur
1103 1705 1175 1760 ut
1219 1696 1485 1781 duplex,
1534 1696 1648 1762 sed
1691 1706 1761 1761 ut
1802 1696 2071 1783 simplex

456 1797 676 1863 nativo
723 1820 839 1862 suo
885 1820 1071 1879 sono,
1127 1807 1197 1862 ut
1242 1797 1509 1862 chaus-se
1551 1798 1829 1884 (caliga).
1924 1797 2071 1866 Ser-

456 1899 671 1964 vanda
723 1907 935 1965 autem
996 1908 1095 1966 est
1143 1900 1211 1964 in
1253 1899 1475 1987 primis
1540 1899 1698 1965 haec
1739 1900 1962 1986 regula
2001 1901 2071 1965 in

457 2000 793 2067 adiectivis
856 2003 1237 2087 pluralibus,
1312 2002 1385 2066 in
1448 2001 1677 2088 quibus
1739 2000 2072 2067 formativa

459 2100 624 2167 itera
666 2103 915 2167 numeri
982 2103 1325 2188 singularis
1380 2111 1632 2167 servata
1685 2103 2072 2217 asperiorem

452 2203 749 2269 redderet
809 2204 1422 2291 pronuntiationem,
1479 2217 1548 2269 ut
1611 2228 1677 2267 cs
1728 2205 1798 2268 in
1848 2226 1987 2267 sees
2033 2228 2072 2269 a

456 2303 765 2391 singulari
820 2326 952 2386 see,
999 2305 1083 2386 fs
1148 2305 1216 2368 in
1267 2306 1475 2394 griess
1546 2329 1584 2370 a
1630 2305 1828 2392 grief,
1884 2305 1940 2368 Is
2000 2305 2071 2369 in

457 2405 576 2468 tels
629 2429 670 2470 a
722 2405 828 2487 tel,
886 2428 972 2491 ps
1026 2405 1096 2469 in
1138 2428 1288 2491 seps
1350 2429 1389 2471 a
1445 2428 1587 2492 sep,
1645 2415 1701 2468 ts
1758 2407 1828 2474 in
1876 2409 2068 2492 petits

457 2526 498 2569 a
527 2507 706 2591 petit,
747 2507 819 2570 in
861 2509 1093 2592 quibus
1137 2507 1432 2573 omnibus
1479 2516 1588 2571 aut
1627 2508 1801 2594 prior
1844 2529 2070 2574 conso-

454 2627 618 2671 nans
665 2608 966 2692 quiescit,
1013 2616 1122 2673 aut
1162 2609 1253 2673 ita
1294 2609 1566 2675 molliter
1607 2609 2066 2696 pronuntiatur,

455 2713 528 2769 ut
568 2706 680 2771 vix
723 2709 1048 2773 sentiatur.

1137 2864 1251 2939 De
1286 2863 1377 2938 B.

579 3011 642 3076 B
673 3011 912 3076 nullam
941 3012 1255 3080 Gallicam
1300 3014 1642 3080 dictionem
1684 3015 1948 3097 claudit,
1999 3025 2071 3080 ut

452 3135 663 3200 neque
739 3111 1055 3180 Graecam
1126 3137 1335 3201 neque
1398 3115 1720 3199 Latinam,
1803 3125 2070 3203 excepta

452 3217 645 3281 unica
683 3214 916 3283 Latina
967 3217 1444 3304 praepositione
1487 3219 1607 3300 ab,
1664 3211 1827 3304 quae
1881 3226 1980 3283 est
2030 3212 2088 3283 a>

454 3312 846 3385 Graecorum
900 3310 1037 3381 ἀπὸ
1084 3317 1383 3401 deducta,
1440 3327 1509 3383 ut
1553 3317 1807 3415 Graeca
1848 3338 2067 3386 rursus
