2634 3992
554 389 638 453 50
1129 391 1207 444 De
1243 391 1602 463 diphthongis,

551 544 718 609 hanc
782 542 1241 629 diphthongum
1316 568 1402 608 au
1482 548 1700 613 coiens
1782 552 2180 636 pronuntiari

555 645 866 732 coeperit,
918 667 1150 729 nempe
1203 653 1275 709 ut
1335 651 1565 728 att-rai,
1625 671 1883 728 att-rae,
1964 676 2176 737 aze-ra,

553 768 838 823 au-ronS,
895 768 1135 827 (ιιι-νει,
1190 757 1466 827 au-ront,
1520 772 1715 835 quum
1768 762 1833 817 et
1884 754 2176 821 infinitus

550 849 794 931 moduS,
829 872 868 914 a
892 870 1015 934 quo
1054 848 1330 913 futurum
1360 849 1691 916 indicandi
1720 854 1890 918 modi
1918 854 2178 921 formari

551 949 911 1030 consuevit,
978 973 1207 1037 nempe
1273 954 1471 1027 avoir,
1500 937 1504 943 ⁸
1535 961 1600 1018 et
1655 953 1866 1038 ipsum
1920 965 2177 1042 etymon

547 1053 817 1119 Latinae
883 1051 1212 1133 dictionis,
1279 1053 1615 1119 manifeste
1681 1058 2070 1123 convincant
2137 1083 2174 1123 v

548 1162 1003 1220 consonantem
1032 1176 1176 1219 esse
1217 1155 1286 1218 in
1328 1155 1452 1219 hoc
1478 1162 1612 1220 toto
1643 1159 1858 1241 verbo,
1884 1160 1955 1223 in
1987 1183 2175 1246 quam

547 1255 582 1319 h
636 1257 822 1322 litera
859 1257 979 1322 fuit
1026 1263 1284 1337 mutata,
1344 1258 1510 1322 sicut
1569 1281 1618 1343 p
1684 1268 1924 1324 mutata
1985 1256 2176 1326 etiam

552 1365 650 1424 est
691 1359 760 1422 in
803 1358 1071 1423 eandem
1113 1367 1571 1424 consonantem
1611 1360 1680 1424 in
1722 1362 1919 1426 verbo
1966 1385 2043 1426 re
2062 1362 2175 1427 ci-

548 1481 755 1546 pere,
802 1462 1097 1540 receuoir,
1137 1461 1305 1526 unde
1338 1461 1671 1528 deducitur
1697 1461 1974 1526 futurum
2003 1486 2174 1526 rece-

550 1564 702 1624 vrai.
788 1560 1013 1646 Itaque
1057 1584 1185 1626 non
1231 1562 1494 1628 dubium
1539 1570 1653 1644 est,
1703 1562 1857 1648 quin
1897 1564 2172 1629 maiores

546 1663 749 1729 nostri
811 1663 1294 1750 pronuntiarent
1348 1667 1575 1744 a-vrai,
1643 1684 1887 1745 a-vraS,
1957 1672 2019 1728 et
2076 1664 2174 1729 sic

548 1764 851 1851 deinceps
907 1772 977 1828 ut
1036 1763 1184 1829 Itali
1234 1764 1550 1847 havero,
1606 1766 1968 1847 haverai‚
2034 1765 2169 1831 ha-

544 1888 754 1948 vera,
780 1865 1216 1947 haveremo,
1239 1866 1620 1932 haverete
1641 1917 1657 1948 ,
1683 1865 2168 1932 haveranno.

543 1966 721 2033 Usus
775 1977 984 2033 autem
1044 1977 1273 2056 postea
1337 1969 1634 2048 obtinuit,
1694 1975 1765 2031 ut
1829 1967 2056 2032 extrito
2125 1990 2167 2031 ιι

544 2069 673 2134 dici
728 2071 1010 2156 coeperit
1062 2073 1220 2152 arai,
1300 2089 1475 2150 τινας,
1543 2090 1681 2145 ara,
1739 2090 1951 2151 arom,
2000 2092 2168 2150 arez,

543 2181 747 2253 oront,
779 2173 949 2257 quod
979 2172 1235 2257 quidem
1270 2170 1367 2234 illi
1394 2192 1512 2255 per
1541 2169 1941 2235 manifestam
1969 2171 2166 2236 insci-

540 2275 692 2340 tiam
719 2274 1013 2340 invectae
1054 2271 1560 2360 pronuntiationi
1607 2273 2096 2357 anteposuerim.

1275 2424 1399 2500 Ei.

661 2580 846 2646 Haec
877 2578 1303 2664 diphthongus
1333 2599 1465 2641 non
1492 2576 1805 2663 profertur
1842 2577 1971 2642 nisi
2010 2600 2162 2643 mox

539 2691 846 2768 sequente
877 2704 935 2759 n,
980 2687 1044 2744 et
1068 2679 1162 2743 ita
1201 2678 1667 2764 pronuntiatur,
1717 2687 1789 2743 ut
1829 2680 2161 2767 paululum

534 2804 796 2869 prorsus
830 2782 908 2846 ab
954 2783 977 2843 ἰ
1016 2780 1294 2866 simplici
1345 2779 1615 2862 differat,
1660 2789 1733 2844 ut
1754 2784 1988 2869 gueine
2016 2781 2162 2866 (va-

504 2936 511 2941 .
536 2884 734 2969 gina),
756 2881 932 2967 plein
956 2880 1267 2966 (plenus),
1302 2881 1484 2947 cuius
1509 2890 1724 2947 tamen
1743 2881 2159 2948 foemininum

524 2985 718 3071 plene
790 3005 945 3049 usus
1001 2983 1274 3049 obtinuit
1333 2991 1404 3047 ut
1465 2982 1711 3068 absque
1766 2985 1791 3044 i
1844 2982 2160 3049 scribatur

535 3096 599 3152 et
642 3086 962 3168 efferatur,
1007 3084 1299 3151 Picardis
1346 3084 1670 3169 exceptis,
1718 3084 1846 3170 qui,
1891 3093 1962 3148 ut
2007 3093 2159 3149 sunt

533 3188 866 3254 vetustatis
910 3196 1199 3269 tenaces,
1261 3186 1553 3251 scribunt
1597 3193 1660 3250 et
1700 3185 1948 3271 integro
1994 3208 2155 3250 sono

527 3290 940 3375 pronuntiant
964 3287 1201 3374 pleine.
1274 3286 1459 3352 Idem
1493 3295 1705 3351 autem
1735 3309 1890 3351 usus
1923 3285 2154 3367 effecit,

528 3397 599 3453 ut
640 3390 707 3453 in
748 3388 1078 3455 Franciois
1119 3411 1251 3453 non
1277 3388 1505 3474 paucis
1539 3387 1928 3456 dictionibus
1960 3411 1999 3454 a
2025 3387 2155 3452 La-
