2634 3992
1000 350 1117 404 Oui.
1191 350 1322 405 Oeu.
1395 350 1506 404 Osi.
1977 351 2057 414 61

439 504 658 586 video,
729 503 861 569 nisi
931 502 1224 568 fortassis
1288 502 1359 565 in
1419 500 1542 567 hoc
1605 502 1795 567 unico
1861 504 2059 568 verbo

440 627 703 669 coeuvre
748 615 815 670 et
855 626 1132 686 coeat-re,
1180 602 1412 688 quibus
1443 606 1779 670 utebantur
1809 613 2057 670 veteres

437 730 553 793 pro
601 729 819 770 couvre
861 706 1210 793 (cooperit)
1270 715 1335 770 et
1372 707 1579 769 courir
1622 706 1949 787 (currere),
1990 704 2061 769 in

441 830 566 893 quo
622 808 866 875 vocalis
913 831 948 870 o
996 807 1336 892 quiescens
1381 798 1679 888 ostendit,
1726 830 1760 870 c
1816 806 2064 872 literam

441 908 587 976 esse
628 933 762 976 non
799 932 916 995 pro
960 930 1015 990 8,
1060 909 1177 974 sed
1201 904 1423 974 nativo
1456 931 1573 974 suo
1605 930 1764 974 sono
1796 907 2063 972 efferen-

440 1011 601 1092 dam,
647 1033 771 1097 quo
815 1011 1002 1075 modo
1035 1010 1224 1075 etiam
1252 1010 1509 1095 plurimi
1550 1009 1741 1075 hodie
1776 1007 2064 1074 scribunt

439 1135 643 1188 coeur,
691 1135 820 1179 cor.

1185 1265 1337 1341 Oei.

562 1417 715 1482 Hae
755 1426 888 1482 tres
937 1437 1128 1480 voces
1183 1415 1279 1480 sic
1323 1416 1517 1499 scribi
1559 1417 1913 1501 plerunque
1959 1436 2062 1480 so-

438 1519 575 1584 lent
598 1519 670 1582 in
698 1518 890 1582 unica
930 1540 1094 1583 voce
1139 1516 1264 1580 oeil
1304 1517 1603 1598 (oculus),
1650 1539 1813 1601 quae
1860 1516 2062 1601 scrip-

434 1628 580 1684 tura
609 1622 666 1684 si
707 1627 808 1683 est
834 1641 1151 1703 germana,
1195 1618 1478 1683 ostendit
1504 1617 1775 1682 maiores
1803 1627 2061 1682 nostros

437 1719 890 1805 pronuntiasse
913 1720 1015 1784 oel
1023 1742 1138 1806 pro
1161 1719 1417 1800 oculo,
1444 1719 1754 1804 singulari
1773 1739 2060 1784 numer0.

445 1820 576 1888 Sed
609 1821 903 1906 suspicor
929 1820 1165 1907 potius,
1206 1844 1246 1883 ιι
1276 1822 1537 1886 alteram
1579 1843 1657 1884 eu
1687 1817 2065 1905 diphthongi

439 1922 726 1988 vocalem
766 1922 966 1989 fuisse
1011 1925 1089 1989 ab
1134 1922 1446 2009 imperitis
1491 1921 1797 2003 extritam,
1844 1930 1909 1986 et
1951 1943 2064 1986 ve-

438 2031 607 2090 teres
638 2024 981 2110 scripsisse
1013 2026 1178 2107 oeul,
1206 2023 1577 2111 praeposito
1609 2047 1646 2086 o
1671 2023 2060 2108 quiescente,

440 2124 609 2190 sicut
671 2125 743 2189 in
812 2126 1099 2212 proxime
1164 2127 1590 2213 praecedente
1650 2123 2063 2210 triphthongo

441 2225 746 2309 diximuS,
836 2228 917 2292 ad
986 2229 1458 2294 ostendendum
1539 2227 1810 2294 Latinae
1881 2226 2064 2291 vocis

440 2327 716 2392 oculus
804 2338 1078 2415 etymon.
1196 2328 1448 2395 Eadem
1511 2339 1722 2404 autem
1806 2327 2067 2393 inscitia

437 2426 677 2493 factum
751 2439 876 2512 est,
959 2439 1032 2495 ut
1096 2433 1120 2493 i
1180 2431 1428 2496 vocalis
1503 2431 1842 2516 quiescens
1913 2428 2064 2494 huic

441 2527 707 2594 dictioni
734 2531 1143 2614 insereretur,
1177 2555 1411 2618 nempe
1432 2542 1690 2619 propter
1711 2531 2064 2597 derivatum

442 2629 772 2712 oeuillade,
828 2654 954 2717 quo
999 2632 1402 2718 significatur
1445 2633 1768 2699 oculorum
1817 2632 1890 2697 in
1928 2655 2063 2698 rem

441 2731 716 2816 aliquam
756 2733 1098 2816 conjectio,
1142 2734 1215 2799 in
1245 2758 1375 2821 qua
1412 2736 1690 2802 dictione
1720 2738 1745 2797 i
1770 2734 2065 2802 adiicitur

441 2832 522 2897 de
564 2855 767 2914 more,
819 2854 952 2898 non
994 2844 1067 2897 ut
1104 2835 1488 2919 proferatur,
1536 2839 1650 2903 sed
1692 2846 1763 2901 ut
1804 2837 2063 2903 mollem

435 2932 614 2998 illum
671 2955 897 2999 sonum
949 2933 1224 3020 duplicis
1267 2936 1316 2999 ll
1358 2936 1679 3023 designet,
1736 2938 1905 3005 sicut
1947 2939 2062 3003 ali-

437 3035 688 3121 quoties
717 3036 844 3101 iam
870 3035 1308 3122 repetivimus.
1401 3037 1742 3124 Utcunque
1773 3040 1876 3122 sit,
1910 3061 2062 3105 ocu—

435 3136 568 3202 lum
618 3160 924 3204 vocamus
988 3137 1108 3220 ezel,
1174 3160 1252 3202 eu
1317 3138 1710 3225 diphthongo
1774 3163 1934 3226 pure
1999 3149 2064 3205 et

437 3235 682 3324 integre
724 3239 989 3326 prolata.
