2634 3992
924 406 1138 475 regulae
1182 407 1470 475 generales.
1928 412 1958 474 1
1971 413 2002 475 1

394 558 761 625 similitudo,
857 556 1007 623 Hoc
1068 557 1263 642 igitur
1317 558 1638 645 imprimis
1695 570 1796 627 est
1843 562 2008 630 Ger-

390 660 595 726 manis
655 658 1119 747 providendum
1177 668 1243 725 et
1307 660 1733 727 attentissime
1792 665 2008 729 obser-

390 760 688 844 vandum,
730 769 801 826 ut
844 782 988 826 sese
1023 759 1174 826 huic
1213 761 1601 828 volubilitati
1642 785 1830 849 quam
1875 774 2007 830 stu-

395 861 760 928 diosissime
804 861 1249 929 assuefaciant.
1288 848 1297 859 .

521 961 687 1028 Sunt
713 971 921 1030 autem
946 963 1216 1030 Francis
1248 964 1474 1030 literae
1503 964 1731 1050 viginti
1765 975 1829 1032 et
1861 990 2005 1034 una.

392 1062 556 1129 Nam
609 1064 870 1130 duarum
932 1088 1095 1152 quae
1153 1089 1193 1131 a
1250 1065 1579 1132 nonnullis
1630 1067 2011 1135 adiiciuntur

391 1187 520 1231 una
571 1167 826 1252 quidem
877 1189 1110 1254 nempe
1152 1167 1221 1249 k,
1270 1166 1511 1233 nullius
1564 1176 1665 1233 est
1703 1191 1889 1252 usus,
1939 1177 2011 1234 ut

393 1267 588 1334 scribi
630 1270 887 1355 quidem
927 1268 1244 1335 Francica
1281 1268 1505 1352 lingua
1532 1268 1611 1332 ab
1643 1269 1815 1334 omni
1841 1291 2008 1355 pene

391 1390 549 1433 aevo
594 1370 959 1436 consuevit:
1014 1371 1215 1435 altera
1254 1390 1410 1433 vero
1452 1389 1686 1452 nempe
1718 1392 1774 1456 y·
1819 1391 2011 1454 quam

388 1470 419 1531 i
464 1463 773 1533 Graecum
826 1470 1155 1555 appellant
1201 1489 1320 1554 per
1367 1466 1691 1532 inscitiam
1731 1468 2008 1553 irrepsit,

394 1589 591 1653 quum
633 1569 720 1633 sit
749 1569 990 1654 duplex
1021 1571 1068 1631 ii
1090 1568 1333 1650 vocale,
1379 1575 1449 1632 ut
1477 1589 1593 1632 suo
1623 1568 1765 1633 loco
1798 1575 2010 1634 osten-

393 1667 637 1734 demus.
731 1668 984 1734 Harum
1047 1677 1260 1735 autem
1319 1668 1718 1735 characteres
1780 1692 1913 1735 non
1960 1671 2011 1736 ii

396 1768 630 1851 quibus
663 1771 1046 1857 typographi
1084 1778 1345 1836 utuntur
1383 1769 1521 1835 sive
1557 1768 1830 1835 Romani
1870 1771 2009 1838 sive

393 1865 607 1935 Italici
682 1871 819 1937 sive
884 1871 1143 1939 Gotbici
1205 1893 1367 1958 quos
1432 1879 1691 1952 vocant,
1761 1872 1877 1938 sed
1937 1873 2007 1940 hi

394 1977 545 2035 sunt
580 1994 731 2038 vere
778 1972 1073 2040 Francici
1117 1996 1277 2060 quos
1325 1971 1570 2039 subieci
1615 1992 1761 2036 cum
1800 1972 2007 2061 ,Grae-

392 2070 515 2153 cis,
582 2095 622 2137 a
678 2072 908 2160 quibus
964 2075 1295 2141 manifeste
1359 2080 1507 2139 sunt
1562 2071 1848 2158 plerique
1898 2075 2007 2140 de-

391 2174 644 2258 sumpti,
688 2183 760 2239 ut
794 2176 1013 2242 mirari
1052 2174 1346 2242 nonnulli
1386 2172 1679 2239 desinant
1720 2183 2005 2260 repertas

390 2295 430 2337 a
482 2271 762 2341 Caesare
823 2276 895 2342 in
946 2276 1392 2343 Helvetiorum
1456 2273 1684 2339 castris
1752 2275 2005 2341 tabulas

390 2372 661 2442 Graecis
709 2378 913 2445 literis
957 2386 1266 2444 exaratas.

495 2491 677 2548 Graeci
723 2495 1061 2550 characteres..
1200 2494 1338 2550 Vere
1382 2491 1621 2546 Francici
1665 2491 2006 2550 characteres,

692 2581 768 2638 A
813 2603 857 2643 α
959 2574 965 2580 ’
1502 2577 1559 2641 Α
1606 2599 1645 2640 α

698 2677 752 2741 Β
794 2683 838 2760 ,3
1506 2676 1565 2741 Β
1609 2674 1642 2739 b

695 2778 760 2837 K
807 2803 845 2840 κ
1505 2780 1555 2840 C
1595 2802 1627 2842 c

692 2879 756 2938 A
803 2877 842 2942 ὁ
1499 2881 1560 2943 D
1606 2881 1650 2945 d

693 2978 752 3040 E
794 3001 824 3042 ε
1497 2981 1560 3044 Ε
1599 3005 1633 3044 e

701 3082 764 3141 Φ
810 3099 862 3164 φ
1499 3081 1562 3143 F
1583 3082 1640 3163 f

1499 3180 1558 3244 G
1594 3204 1649 3269 g

1501 3280 1576 3346 H
1610 3283 1649 3346 Iz

1498 3383 1535 3447 κ.

1573 3408 1593 3447 ι..

691 3385 795 3447 Ιι
