2634 3992
1339 370 1413 418 VI

571 536 988 604 cousin...
1032 537 1314 605 courin
1380 540 1444 625 (P
1510 536 1589 607 cf.
1661 565 1726 629 p.
1791 543 1874 608 89
1936 563 2000 610 v,
2066 542 2180 629 24)

566 679 633 742 p.
698 658 777 722 37
841 681 903 723 v.
982 659 1079 740 19,
1157 659 1240 723 20
1314 659 1605 725 courin
1660 709 1674 724 .
1726 708 1745 725 .
1797 710 1814 726 .
1878 662 2182 743 cousin,

568 798 684 862 pro
745 798 879 842 suo
934 799 1125 842 sono
1182 776 1638 862 proferatur
1704 803 1770 867 p.
1830 781 1914 844 46
1984 803 2047 845 v.
2107 782 2184 846 18

508 909 513 914 “
572 917 714 962 suo
767 895 1239 983 proferatur,
1303 917 1422 981 pro
1486 897 1918 964 audiantur
1972 921 2036 985 p.
2102 900 2184 965 48

567 1038 631 1080 v.
687 1015 725 1078 9
796 1014 1188 1096 audiatur,
1253 1038 1372 1102 pro
1426 1015 1681 1102 fitque
1730 1041 1794 1104 p.
1854 1018 1937 1082 48
1989 1041 2051 1084 v.
2103 1020 2176 1082 11

568 1133 957 1218 fiuntque,
1030 1156 1147 1221 pro
1209 1124 1689 1213 ὁμοιοτὲλευτα
1734 1136 1863 1220 (sic
1904 1136 2076 1202 enim
2119 1159 2182 1222 p.

571 1253 654 1319 53
733 1275 795 1318 v.
878 1254 917 1318 2
999 1252 1448 1338 scribendum)
1539 1245 1992 1337 ὁμοιτελεὺτα,
2062 1277 2181 1341 pro

571 1393 1052 1458 engraveure
1104 1396 1167 1460 p.
1213 1374 1296 1439 53
1352 1396 1413 1438 v.
1459 1374 1498 1438 3
1555 1395 2022 1459 engrauure,
2066 1395 2185 1461 pro

573 1485 1090 1569 πλατειάζοντας
1152 1515 1216 1578 Ρ.
1269 1493 1354 1556 54
1413 1516 1472 1558 v.
1534 1495 1613 1558 14
1676 1489 2183 1575 πλαταίζοντας,

569 1618 718 1697 post
760 1610 1117 1696 ennuijer
1157 1634 1220 1697 p.
1253 1613 1335 1676 55
1375 1633 1438 1677 v.
1488 1612 1565 1676 12
1608 1612 1808 1677 verba
1850 1612 2183 1699 adjecisse,

570 1729 801 1814 quibus
863 1729 954 1795 ibi
1015 1729 1195 1795 locus
1260 1753 1393 1795 non
1458 1741 1586 1812 est,
1648 1731 1914 1797 haecce:
1984 1740 2186 1814 „tum

569 1856 748 1913 ante
790 1847 1206 1933 isimplex‚
1253 1858 1337 1913 ut
1367 1851 1543 1912 ieux
1587 1849 1915 1936 (oculi),
1962 1853 2186 1915 vieux

571 1965 972 2052 (veteres)
1002 1968 1631 2055 monosyllaba“,
1676 1991 1791 2054 pro
1825 1991 1995 2049 oea,
2039 1969 2183 2043 oei,

569 2089 782 2173 ueip.
814 2088 895 2152 58
924 2111 985 2153 v.
1020 2088 1059 2152 3
1095 2088 1437 2174 scripsisse
1479 2089 1606 2163 iei,
1653 2110 1828 2161 neu,
1876 2088 2028 2166 oui,
2069 2109 2185 2173 pro

570 2206 930 2272 oneravit
979 2230 1043 2294 p.
1099 2207 1180 2272 65
1232 2230 1295 2272 v.
1342 2208 1424 2273 28
1480 2213 1937 2287 onerarunt,
1993 2228 2109 2291 pro
2166 2208 2192 2268 i

570 2336 643 2394 et
684 2351 724 2390 n
765 2351 830 2414 p.
876 2329 955 2393 66
1000 2350 1061 2393 v.
1112 2328 1145 2390 1
1190 2327 1331 2390 iet
1372 2348 1446 2408 u,
1491 2347 1605 2410 pro
1651 2348 1683 2387 c
1723 2324 1968 2389 litera
2008 2346 2071 2411 p.
2104 2325 2183 2388 67

568 2471 629 2513 v.
664 2449 740 2511 15
785 2469 820 2510 s
861 2447 1136 2528 litera,
1180 2467 1297 2531 pro
1343 2441 1965 2530 praepositione
2007 2466 2070 2530 p.
2109 2447 2183 2510 71

568 2595 630 2636 v,
698 2566 800 2649 27,
861 2586 929 2651 p.
988 2566 1068 2630 72
1134 2586 1196 2629 v.
1257 2564 1340 2628 23
1402 2560 2002 2648 propositione,
2070 2587 2187 2651 pro

568 2684 943 2770 horeloge
996 2706 1058 2769 p.
1117 2684 1196 2747 76
1251 2705 1312 2745 v.
1375 2682 1452 2746 12
1506 2680 1919 2767 herologe,
1974 2704 2090 2769 pro
2147 2706 2188 2744 n

570 2828 708 2893 pro
753 2827 795 2867 u
836 2826 901 2890 p.
949 2801 1029 2866 78
1073 2823 1134 2865 v.
1183 2802 1222 2866 3
1265 2822 1307 2862 u
1349 2822 1489 2886 pro
1533 2822 1594 2882 n,
1637 2821 1755 2886 pro
1800 2824 1841 2862 n
1892 2824 1956 2888 p.
2001 2802 2081 2866 78
2124 2825 2185 2866 v.

575 2925 651 2989 17
685 2945 773 3004 m,
817 2921 1014 2986 verba
1051 2917 1352 3006 Excipe
1382 2918 1482 2983 ils
1529 2929 1592 2986 et
1636 2942 1797 3007 quae
1841 2926 2188 3006 sequuntur

570 3065 775 3131 usque
810 3040 892 3106 ad
920 3038 1157 3105 etiam
1199 3038 1225 3101 l
1262 3039 1766 3125 quiescente,
1814 3059 1976 3124 quae
2017 3057 2186 3102 nunc

570 3186 634 3250 p.
690 3162 770 3226 79
820 3184 882 3226 V.
928 3160 1008 3224 25
1051 3158 1378 3244 leguntur,
1435 3157 1734 3243 posuisse
1787 3161 1938 3241 post
1990 3153 2189 3219 verba

571 3279 894 3365 legiste‚
941 3275 1310 3363 sophiste
1356 3285 1432 3341 et
1476 3274 1780 3342 similia
1818 3292 1980 3357 quae
2009 3291 2072 3356 Ρ.
2103 3271 2185 3335 82

576 3421 638 3465 v.
673 3400 705 3462 1
737 3394 1163 3485 reperiuntur,
1207 3417 1324 3480 pro
1356 3413 1425 3456 sc
1451 3414 1515 3480 p.
1545 3393 1629 3457 80
1670 3413 1731 3455 v.
1764 3391 1803 3452 6
1848 3387 2187 3477 scripsisse
