2634 3992
1030 357 1111 410 Ui.
1184 357 1278 412 Ea.
1339 357 1433 412 Εο.
1962 358 2046 423 57

424 561 538 636 De
591 562 792 635 falsis
846 560 1321 659 diphthongis
1376 561 1657 633 duabus
1708 585 1796 633 ea
1832 571 1905 634 et
1939 586 2045 636 eo,

548 711 744 776 Falso
819 710 986 775 inter
1050 710 1479 797 diphthongos
1532 735 1570 775 a
1624 711 2046 795 grammaticis

423 813 661 877 nostris
685 813 1011 877 nonnullis
1039 812 1202 878 istae
1224 813 1545 878 vocalium
1568 811 2047 878 coniunctiones

423 913 797 994 referuntur,
827 936 1017 998 quum
1041 937 1075 976 e
1115 915 1185 978 in
1225 923 1493 1000 utraque
1538 914 1844 999 quiescat,
1883 912 2052 978 sicut

424 1017 493 1080 in
537 1039 590 1104 g
632 1016 819 1081 litera
861 1015 1166 1096 diximuS‚
1232 1038 1355 1081 nec
1416 1015 1602 1080 aliam
1655 1016 1735 1080 ob
1791 1038 2076 1085 causam.

425 1117 814 1199 adhibeatur,
866 1139 1053 1203 quam
1096 1125 1168 1181 ut
1215 1117 1537 1203 significet
1572 1140 1626 1204 g
1667 1118 1735 1181 in
1773 1117 1875 1183 his
1916 1117 2051 1183 dic-

423 1219 706 1285 tionibus
760 1242 908 1300 non,
971 1219 1140 1283 sicut
1182 1227 1328 1283 ante
1385 1242 1423 1280 a
1481 1226 1544 1283 et
1595 1242 1631 1282 o
1688 1219 2042 1300 consuevit,

427 1343 541 1385 suo
586 1321 806 1385 nativo
853 1342 1031 1399 sono,
1079 1319 1194 1384 sed
1235 1341 1354 1404 pro
1383 1318 1425 1400 j
1463 1328 1854 1384 consonante
1896 1343 2044 1405 pro-

421 1422 780 1501 ferendum,
856 1429 927 1484 ut
998 1441 1266 1506 mangea
1337 1427 1400 1482 et
1446 1417 1782 1506 flageolet,
1859 1421 2044 1504 quasi

425 1523 737 1587 scribatur
789 1521 995 1602 manja
1052 1529 1118 1584 et
1147 1518 1421 1602 flqjolei.
1511 1517 1778 1604 Species
1831 1530 2045 1586 tamen

427 1622 735 1706 quaedam
781 1629 880 1685 est
931 1620 1165 1707 prioris
1211 1618 1590 1704 diphthongi
1639 1619 1708 1684 in
1753 1623 1861 1683 oui
1900 1621 2042 1705 dea,

425 1730 496 1785 ut
536 1722 807 1786 maiores
861 1719 1064 1785 nostri
1118 1720 1540 1805 loquebantur
1588 1744 1706 1806 pro
1752 1745 1828 1788 eo
1875 1723 2045 1809 quod

424 1845 596 1887 nunc
652 1822 919 1887 dicimus
975 1824 1085 1883 oui
1134 1819 1217 1884 cla
1276 1821 1761 1889 affirmationem
1807 1848 2046 1911 augen-

424 1931 523 1989 tes
541 1975 557 2005 ,
604 1947 791 2009 quam
817 1923 1194 2008 particulam
1239 1922 1557 1987 subtiliter
1598 1926 1887 1990 nonnulli
1929 1949 2045 1991 vo-

423 2025 561 2089 lunt
615 2047 760 2089 esse
817 2023 1206 2091 Graecorum
1276 2018 1356 2106 61}
1422 2022 1660 2090 Dorice
1718 2034 2042 2093 mutatum.

422 2125 570 2191 Hoc
627 2149 782 2191 vero
836 2148 919 2191 ne
975 2127 1079 2191 cui
1133 2125 1339 2191 videri
1391 2125 1600 2210 possit
1640 2127 1831 2192 inane
1875 2151 2045 2194 com-

422 2236 730 2309 mentum,
792 2228 955 2292 sciat
1008 2228 1213 2292 adhuc
1269 2228 1439 2312 apud
1494 2228 1793 2294 Aurelios
1847 2230 2046 2294 usita-

421 2330 736 2393 tissimum
791 2352 936 2395 esse
979 2328 1391 2393 iurisiurandi
1436 2328 1718 2414 speciem
1771 2352 1871 2392 ma
1916 2329 2043 2411 dia,

423 2430 490 2492 id
533 2440 631 2495 est
675 2426 768 2508 μὰ
818 2430 949 2502 δία,
1001 2439 1065 2494 et
1108 2433 1175 2491 ni
1214 2430 1321 2511 (Ia,
1368 2430 1541 2515 quod
1583 2439 1683 2494 est
1709 2429 2046 2495 manifeste

424 2527 818 2595 Graecorum
864 2526 939 2612 νὴ
989 2527 1119 2597 δία.

671 2750 786 2824 De
837 2751 1204 2826 Francicis
1252 2752 1771 2851 triphthongis.

553 2931 820 2999 Habent
865 2935 1051 2998 etiam
1091 2935 1538 3020 triphthongos
1580 2935 1840 3015 Franci,
1887 2935 2045 3000 alias

423 3034 675 3119 quidem
733 3037 918 3100 veras
981 3046 1043 3100 et
1104 3036 1453 3120 legitimae,
1509 3059 1739 3121 nempe
1796 3058 1915 3098 ean
1982 3044 2046 3100 et

422 3139 543 3216 ieu,
606 3134 764 3200 alias
810 3159 965 3200 vero
1022 3136 1185 3201 falso
1233 3135 1328 3200 sic
1383 3136 1763 3221 appellatas,
1816 3156 2046 3219 nempe

423 3240 518 3317 iei,
568 3260 713 3319 nea,
762 3240 884 3317 oui,
943 3237 1100 3302 alias
1159 3236 1434 3322 denique
1485 3243 1724 3301 mutata
1764 3257 2045 3320 pronun-

419 3338 681 3404 tiatione
725 3360 857 3403 non
897 3338 1086 3403 modo
1128 3338 1251 3401 iam
1284 3338 1656 3423 superfluas,
1702 3336 1817 3402 sed
1856 3335 2045 3400 etiam
