2634 3992
1298 162 1330 188 J

1074 369 1136 434 N,
1174 386 1228 426 n.
1297 370 1357 435 P,
1393 386 1444 440 p.
1991 373 2072 437 35

453 520 564 588 Sic
604 545 684 585 on
725 525 883 586 m’en
912 545 951 584 a
974 523 1178 608 parle,
1223 545 1298 589 ac
1331 523 1388 589 si
1418 522 1723 609 scriptum
1754 534 1945 607 esset,
1991 546 2074 587 on

452 627 606 687 m'en
650 647 733 686 na
770 622 974 709 pade,
1014 625 1125 689 illo
1167 624 1473 690 videlicet
1504 623 1741 710 prioris
1773 625 2072 691 dictionis

450 750 489 789 n
544 726 927 812 daghessato
986 734 1051 791 et
1100 748 1246 792 cum
1286 726 1500 793 vocali
1544 735 1921 813 sequentem
1959 749 2074 794 vo-

448 850 588 894 cem
629 827 978 913 incipiente
1021 827 1389 910 coniuncto,
1449 851 1565 912 pro
1613 850 1690 893 eo
1736 828 1906 914 quod
1947 827 2072 893 Pa-

445 929 816 996 risiensium
839 928 1071 1014 vulgus
1099 930 1506 1014 pronuntiat:
1554 928 1601 992 il
1638 951 1711 993 se
1753 938 1895 992 nest
1933 928 2073 1010 alle,

450 1053 532 1093 on
573 1053 670 1094 me
711 1053 794 1093 na
821 1029 1035 1117 par-le,
1080 1052 1196 1116 per
1238 1053 1273 1094 e
1301 1029 1701 1096 foemineum
1731 1040 1803 1095 ut
1828 1030 1897 1095 in
1924 1053 2075 1118 pro-

443 1131 809 1198 nominibus
864 1152 936 1195 se
983 1139 1048 1196 et
1099 1153 1212 1195 me.
1320 1130 1453 1198 Sed
1512 1132 1638 1197 hoc
1714 1132 1785 1197 in
1846 1133 2075 1218 primis

443 1233 793 1299 curandum
822 1241 922 1299 est
941 1231 1299 1319 peregrinis
1331 1231 1651 1314 omnibus,
1686 1234 1857 1319 quod
1886 1244 2077 1300 antea

439 1335 509 1399 in
561 1334 747 1400 litera
830 1356 892 1395 m
954 1334 1206 1414 monui,
1278 1354 1515 1417 nempe
1592 1332 1759 1398 hanc
1824 1335 2075 1401 literam

443 1437 693 1523 quoties
739 1435 1054 1522 syllabam
1093 1434 1256 1514 finit,
1302 1432 1492 1518 quasi
1537 1433 1867 1499 dimidiato
1913 1458 2074 1501 sono

438 1536 980 1650 pronuntiandam
1022 1556 1197 1616 esse,
1252 1554 1558 1598 mucrone
1610 1534 1913 1601 videlicet
1950 1536 2074 1601 lin-

439 1659 606 1722 guae
658 1636 922 1702 minime
971 1635 1145 1700 illiso
1196 1633 1598 1721 superiorum
1646 1635 1930 1703 dentium
1969 1661 2072 1703 ra-

442 1738 598 1819 dici,
655 1737 896 1823 alioqui
935 1736 1146 1801 futura
1197 1735 1658 1802 molestissima
1699 1740 2074 1824 pronuntia-

440 1838 642 1919 tione3
677 1860 802 1924 quo
832 1838 989 1906 vitio
1016 1839 1184 1903 inter
1202 1836 1493 1904 Francos
1528 1839 1822 1904 laborant
1850 1841 2073 1907 etiam-

440 1962 593 2004 num
618 1939 810 2005 hodie
839 1941 901 2005 N
905 1939 1213 2006 ermanni.
1300 1939 1591 2007 Graecos
1646 1949 1859 2008 autem
1898 1941 2073 2011 haud

438 2041 621 2107 aliter
674 2040 840 2108 hanc
879 2042 1133 2108 literam
1185 2050 1337 2109 ante
1382 2064 1445 2124 κ,
1482 2063 1541 2124 y,
1570 2063 1611 2119 χ
1657 2043 2071 2128 pronuntiare

432 2144 854 2310 pionsuevisse
875 2151 1140 2210 annotat
1161 2165 1243 2209 ex
1262 2141 1528 2227 Nigidio
1554 2141 1790 2228 Figulo
1812 2145 1897 2210 A.
1913 2143 2069 2212 Gel-

481 2267 577 2311 us.

1152 2398 1350 2498 Pp.

560 2547 751 2615 Sicca
793 2560 894 2617 est
935 2551 1279 2616 admodum
1304 2548 1497 2615 huius
1532 2547 1754 2614 literae
1785 2567 2067 2633 pronun-

432 2648 614 2714 tiatio
661 2650 732 2715 in
787 2651 1051 2738 reliquis
1104 2650 1347 2737 linguis
1364 2699 1383 2735 ,
1459 2649 1577 2715 sed
1629 2648 1699 2714 in
1749 2647 2065 2715 Francico

436 2749 738 2816 idiomate
767 2760 1074 2836 quantum
1098 2752 1239 2818 fieri
1281 2758 1503 2839 potest
1543 2750 1886 2834 emollitur,
1933 2750 2065 2837 syl-

436 2850 648 2917 labam
689 2851 759 2915 in
798 2852 1024 2937 paucis
1065 2853 1320 2936 finiens,
1370 2861 1444 2918 ut
1488 2853 1559 2917 in
1600 2850 2067 2918 interiectioni-

434 2952 558 3018 bus
610 2951 735 3038 hip,
778 2974 942 3037 quae
994 2953 1284 3019 saltantis
1348 2954 1749 3021 alacritatem
1800 2952 2062 3036 indicat,

436 3062 501 3120 et
540 3053 665 3140 hop
713 3053 991 3139 aliquem
1031 3052 1459 3135 inclamantis,
1505 3061 1576 3118 ut
1605 3052 1779 3138 apud
1805 3051 2063 3117 Aristo-.-

432 3153 710 3240 phanem
760 3146 1144 3238 βατράχοις,
1205 3163 1270 3219 et
1310 3164 1527 3220 vetere
1571 3174 1735 3219 voce
1777 3151 1907 3216 iam
1950 3151 2064 3216 ob-

436 3255 640 3321 soleta
657 3255 869 3340 hanap
893 3277 1011 3340 pro
1035 3253 1315 3338 calice,
1342 3278 1460 3341 cap
1482 3253 2062 3342 (promontorium),

436 3378 592 3443 coup
646 3357 856 3441 (ictus,
908 3356 1077 3421 unde
1128 3356 1499 3422 adverbium
1543 3353 1898 3441 beaucoup)
1945 3375 2058 3441 sep

1677 3459 1709 3509 3
1725 3458 1750 3480 .
