2634 3992
1233 371 1298 426 A.
1999 372 2080 437 65

460 527 816 592 seculorum
843 525 1200 590 barbariem
1236 547 1426 610 quam
1451 525 1783 590 rationem.
1855 523 2082 611 Itaque

456 625 780 692 fatendum
836 633 934 691 est
985 626 1219 691 multas
1271 625 1465 691 hodie
1507 625 1578 690 in
1618 623 1877 692 Gallico
1923 627 2082 692 scri-

456 727 668 793 bendo
737 749 1026 793 sermone
1088 727 1308 793 literas
1382 726 1790 814 quiescentes
1866 725 2082 810 scribi,

462 850 621 913 quas
694 829 900 894 omitti
968 829 1388 915 praestiterit,
1479 828 1536 894 si
1599 828 1792 894 modo
1864 835 2088 914 posset

459 929 634 995 istud
676 930 754 995 ab
804 931 1115 1017 imperitis
1133 983 1148 1014 ‚
1212 954 1479 1017 quorum
1530 930 1720 1017 longe
1773 929 2085 996 maximus

463 1040 563 1097 est
624 1054 921 1098 numerus
937 1083 954 1114 ,
1035 1032 1384 1119 impetrari.
1496 1030 1805 1101 Dicemus
1873 1039 2088 1096 autem

459 1132 671 1217 priore
713 1134 855 1201 loco
901 1134 979 1199 de
1026 1134 1505 1220 quiescentibus
1549 1133 1902 1201 vocalibus.

1132 1287 1248 1362 De
1295 1286 1384 1360 A.

585 1437 642 1500 Α
687 1438 745 1502 si
786 1446 1077 1502 occurrat
1114 1438 1519 1523 geminatum,
1573 1434 1753 1521 prius
1793 1435 2086 1521 quiescit,

464 1536 639 1620 quod
696 1536 769 1601 in
829 1536 1238 1622 paucissimis
1305 1536 1638 1602 vocabulis
1709 1535 1952 1618 evenit,
2020 1544 2092 1600 ut

463 1632 724 1698 baailler
773 1636 1124 1722 (oscitare),
1180 1648 1250 1703 ut
1314 1639 1739 1725 distinguatur
1782 1661 1823 1703 a
1878 1635 2089 1701 baillet

465 1733 797 1818 (tradere),
852 1738 1004 1804 item
1067 1739 1137 1803 in
1192 1738 1315 1806 hac
1363 1762 1520 1806 voce
1582 1763 1750 1827 auge
1823 1737 2086 1824 (aetas),

465 1857 653 1921 quam
715 1840 1009 1905 nonnulli
1072 1841 1359 1907 scribunt
1423 1863 1603 1928 euge,
1678 1850 1743 1907 et
1795 1841 2093 1907 videntur

464 1935 642 2003 Gaui
693 1948 946 2006 veteres
1001 1940 1123 2008 hac
1165 1942 1237 2007 in
1276 1966 1346 2009 re
1390 1943 1621 2008 imitati
1659 1951 1911 2009 veteres
1954 1942 2087 2009 Ro-

462 2059 717 2122 manoS‚
787 2063 946 2127 quos
1007 2044 1096 2108 ait
1152 2044 1397 2110 Fabius
1465 2044 1883 2110 consuevisse
1941 2067 2092 2130 pro-
2203 2104 2224 2125 ‚

465 2139 689 2207 ductas
718 2143 980 2209 vocales
1012 2145 1293 2211 scribere
1324 2146 1644 2232 geminas,
1693 2145 1861 2211 sicut
1901 2144 2094 2210 etiam

464 2238 856 2309 Graecorum
914 2267 953 2328 η
999 2245 1124 2311 duo
1171 2247 1380 2333 epsila
1421 2255 1485 2313 et
1527 2268 1580 2307 ω
1624 2246 1863 2332 duplex
1909 2268 1944 2307 o
1988 2268 2090 2311 re-

462 2339 599 2406 fert.
665 2342 881 2411 Voces
910 2356 1124 2412 autem
1152 2347 1315 2413 istae
1344 2348 1554 2430 Isaac,
1600 2348 1856 2426 Aaron,
1903 2344 2089 2428 Baal,

464 2450 537 2505 ut
555 2440 892 2511 Hebraeae
923 2457 1090 2531 sunt,
1116 2448 1211 2514 sic
1236 2449 1425 2514 etiam
1451 2449 1701 2533 integro
1734 2469 1851 2513 suo
1881 2448 2090 2537 dupli-

469 2539 564 2606 cis
593 2545 836 2611 vocalis
869 2569 1028 2615 sono
1057 2547 1384 2617 Hebraico
1413 2549 1811 2637 pronuntiari
1834 2550 2090 2619 debent.

593 2641 681 2707 Π.
748 2643 1047 2725 Quiescit
1074 2652 1485 2718 coniunctum
1526 2673 1674 2716 cum
1720 2675 1776 2734 ο,
1821 2660 1892 2717 ut
1932 2677 2094 2721 non-

467 2742 630 2807 nulli
688 2745 972 2813 scribunt
1026 2753 1217 2815 saoul
1268 2753 1515 2836 (satur),
1573 2775 1770 2839 quum
1809 2777 2093 2839 pronun—

467 2842 699 2910 tiemus
766 2847 935 2930 soal,
1015 2851 1206 2918 immo
1265 2854 1459 2919 etiam
1510 2874 1660 2935 sou,
1723 2855 2094 2940 quiescente

466 2943 656 3011 litera
707 2945 749 3011 l.
838 2946 950 3014 Sic
1010 2972 1261 3039 quoque
1307 2953 1606 3019 scribitur
1639 2977 1920 3040 pacare,
1977 2981 2094 3043 pro

474 3068 601 3131 quo
653 3049 1142 3134 pronuntiamus
1184 3076 1424 3157 poure,
1490 3054 1874 3140 digammate
1915 3058 2098 3124 vide-

466 3145 619 3214 licet
680 3149 984 3234 Aeolico‚
1061 3154 1244 3220 cuius
1308 3154 1698 3221 characteris
1763 3158 2095 3243 neglectus

467 3269 625 3316 usus
687 3250 1039 3319 Francicae
1108 3255 1370 3342 linguae
1435 3256 1818 3342 scripturam
1876 3259 2095 3329 multis

470 3346 670 3420 literis
733 3354 972 3443 alioqui
1024 3355 1289 3425 minime
1340 3357 1729 3426 necessariis
1785 3362 2091 3430 oneravit.

1765 3465 1798 3518 5
