2634 3992
1121 427 1173 481 H
1208 431 1335 481 ante
1370 445 1416 484 a.
1993 427 2075 494 27

458 601 589 644 non
633 601 860 666 aspere
907 603 987 645 ex
1024 570 1158 645 imo
1203 590 1454 666 gutture
1495 581 1723 663 efflata,
1769 582 1937 667 quod
1979 591 2080 648 est

455 702 846 767 magnopere
912 679 1254 748 Germanis
1324 691 1387 747 et
1457 681 1660 765 Italis,
1703 684 2079 768 praesertim

460 781 728 864 Tuscis,
796 783 1283 848 observandum.
1401 782 1658 848 Deinde
1726 784 2079 848 cavendum

459 891 770 965 accurate,
813 905 900 947 ne
947 883 1054 948 vel
1092 884 1201 949 ubi
1242 884 1517 970 quiescit
1557 883 1854 949 efferatur
1909 884 2080 970 (qui-

462 986 584 1049 bus
616 994 822 1051 autem
850 985 919 1049 in
947 985 1278 1051 vocabulis
1311 987 1619 1071 quiescat,
1663 987 1898 1072 partim
1923 1007 2079 1051 usus

460 1086 671 1168 docet,
723 1087 954 1173 partim
1000 1087 1192 1152 etiam
1236 1110 1353 1152 suo
1395 1088 1539 1153 loco
1587 1086 1919 1169 dicemus),
1976 1087 2081 1152 vel

456 1186 567 1250 ubi
618 1190 1089 1274 pronuntianda
1157 1197 1256 1254 est
1319 1189 1885 1275 praetermittatur,
1954 1210 2080 1273 quo

456 1288 616 1354 vitio
680 1291 972 1376 purgatis
1057 1290 1316 1355 auribus
1390 1289 1846 1353 molestissimo
1918 1288 2082 1353 Bur-

456 1391 674 1476 gundi,
717 1391 1180 1471 Bituricenses,
1233 1388 1702 1473 Lugdunenses
1772 1397 1836 1453 et
1876 1388 2083 1473 Aqui-

457 1492 596 1556 tani
635 1515 804 1577 pene
851 1515 1073 1556 omnes
1115 1491 1432 1569 laborant,
1477 1488 1963 1573 pronuntiantes
2008 1511 2084 1551 en

463 1590 968 1668 aull,l'aultesse,
993 1592 1369 1677 Z'acquenee,
1402 1586 1660 1663 l'azard,
1681 1589 1771 1652 les
1799 1611 2086 1652 ouseaux

467 1714 587 1778 pro
633 1714 708 1754 en
749 1690 945 1771 bault,
989 1690 1050 1753 Ῑα
1095 1689 1432 1768 haullesse,
1492 1689 1554 1752 la
1598 1689 1972 1775 hacquenee,
2028 1688 2086 1753 le

456 1790 714 1870 hazard,
761 1793 854 1856 les
897 1792 1242 1855 houseaux.
1309 1788 1561 1871 Quibus
1606 1801 1819 1856 autem
1860 1790 1929 1854 in
1971 1813 2085 1856 vo-

466 1893 648 1959 cibus
694 1902 879 1959 sonet
922 1917 1001 1958 ex
1045 1893 1513 1980 quiescentium
1555 1892 1929 1957 recensione
1963 1894 2086 1958 etsi

465 1994 657 2061 facile
700 1996 890 2060 fuerit
929 1996 1242 2076 iudicare,
1297 1993 1540 2080 placuit
1579 2002 1794 2058 tamen
1834 1992 2088 2058 illorum

461 2097 533 2162 in
574 2089 806 2183 quibus
849 2098 1102 2162 auditur
1142 2095 1481 2182 plerasque
1528 2117 1915 2177 enumerare,
1961 2118 2086 2182 quo

456 2196 709 2263 facilius
777 2198 901 2264 sibi
967 2197 1238 2283 quisque
1307 2196 1387 2260 ab
1451 2195 1562 2259 illo
1628 2196 1785 2260 vitio
1853 2218 2086 2262 cavere

456 2300 685 2387 possit.
786 2299 866 2364 In
918 2298 1142 2362 harum
1206 2296 1402 2382 igitur
1468 2295 1818 2360 dictionum
1880 2296 2084 2362 initiis

464 2402 768 2487 aspiratio
809 2398 1292 2487 pronuntiatur:

1069 2550 1159 2626 H
1199 2561 1368 2625 ante
1423 2576 1493 2625 a.

467 2699 595 2783 Ha,
639 2702 997 2767 interiectio
1043 2701 1462 2767 exclamantis
1509 2709 1574 2766 et
1615 2700 1943 2768 imitantis.

468 2801 703 2879 ΗαοΙιε,
746 2801 948 2867 hasta.

467 2900 712 2978 Halier,
759 2901 1099 2967 dumetum.

469 3002 652 3080 Ηαῖν,
698 3001 933 3085 odisse,
981 3024 1127 3067 cum
1169 3003 1464 3068 omnibus
1512 3002 1837 3068 derivatis.

468 3103 688 3171 Haire.
736 3102 1034 3168 cilicium.

471 3204 739 3283 Hairon,
786 3204 993 3269 ardea.

470 3304 647 3383 Hait,
689 3315 876 3372 vetus
918 3306 1186 3371 verbum
1207 3302 1534 3370 Gallicum
1579 3324 1704 3389 quo
1749 3299 1945 3366 animi
1988 3319 2095 3363 ac·

557 3407 946 3492 quiescentis
1028 3406 1325 3471 alacritas
1408 3404 1833 3491 significatur,
1926 3400 2094 3466 unde

558 3508 811 3572 souhait
851 3517 915 3574 et
956 3507 1319 3572 souhailler.
