2634 3992
542 310 626 374 42
1186 308 1263 362 De
1299 308 1366 372 Y,
1404 324 1455 377 y.

542 462 755 528 benda
791 460 1108 527 Francica
1161 460 1383 549 lingua
1422 462 1746 549 usurpari,
1805 463 1921 528 sed
1977 463 2168 529 etiam

541 561 705 629 falso
774 566 799 625 i
848 563 1168 631 Graecum
1221 563 1468 645 vocari,
1538 587 1732 650 quum
1789 586 1828 625 υ
1885 563 2170 631 Graeco-

540 688 685 732 rum
725 688 858 731 non
903 665 986 731 sit
1026 668 1064 747 i,
1116 664 1232 730 sed
1273 688 1315 727 u
1356 664 1515 730 illud
1560 665 1725 731 exile
1768 688 2026 732 crassae
2073 667 2169 731 di·

540 767 871 855 phthongo
915 789 998 831 ou
1039 765 1419 852 oppositum,
1463 766 1687 832 videor
1727 767 1881 832 mihi
1909 768 2170 833 tandem

546 870 938 956 comperisse
981 867 1153 954 quod
1193 889 1297 932 res
1343 875 1468 949 est,
1512 890 1840 954 nunquam
1867 869 2172 936 videlicet

545 970 818 1036 maiores
863 970 1009 1036 illos
1054 976 1308 1035 nostros
1355 970 1434 1034 de
1475 968 1602 1035 isto
1646 972 1671 1031 i
1710 968 1962 1037 Graeco
1993 972 2168 1056 cogi·

544 1081 742 1153 tasse,
776 1071 892 1136 sed
922 1070 1160 1157 duplex
1187 1072 1213 1133 i
1235 1070 1461 1136 vocale
1492 1071 1853 1156 scripsisse,
1898 1081 1971 1137 ut
1995 1094 2168 1138 nunc

547 1193 802 1258 quoque
841 1171 1145 1239 Germani
1189 1173 1494 1254 scribunt,
1537 1172 1659 1237 hac
1700 1173 2001 1238 nimirum
2041 1172 2168 1238 for·

545 1296 651 1340 ma
692 1273 753 1357 3⁶7⁶,
833 1297 996 1361 quae
1037 1274 1226 1341 facile
1267 1281 1499 1361 postea
1547 1273 1617 1338 in
1662 1297 1718 1363 y
1771 1273 2171 1360 degenerarit

550 1383 616 1442 et
658 1399 692 1438 v
741 1375 1062 1443 Graecum
1103 1377 1323 1443 vocari
1368 1375 1599 1462 coepit,
1648 1376 1817 1461 quod
1861 1376 2000 1441 eius
2041 1374 2169 1441 for-

546 1500 735 1558 mam,
780 1478 1030 1544 Latinis
1063 1478 1563 1567 descriptoribus
1590 1475 1983 1556 familiarem,
2028 1476 2169 1540 imi-

544 1587 804 1646 taretur.
945 1580 1056 1648 Sic
1139 1582 1330 1646 etiam
1411 1587 1707 1664 corrupta
1792 1578 2170 1664 iampridem

550 1679 804 1747 Graeca
843 1682 1362 1767 pronuntiatione
1400 1682 1636 1750 factum
1678 1690 1751 1748 ut
1791 1702 1829 1742 v
1867 1702 2010 1745 cum
2037 1680 2173 1744 iota

549 1782 991 1847 confundatur.
1077 1783 1256 1849 Usus
1310 1794 1520 1852 autem
1568 1785 1757 1851 istius
1810 1780 2083 1868 duplicis
2128 1780 2176 1863 ij

545 1884 667 1950 fuit
709 1884 1016 1950 duntaxat
1056 1892 1206 1971 post
1248 1887 1315 1968 αρ’
1356 1897 1419 1953 et
1463 1887 1530 1971 oj
1570 1884 2015 1972 diphthongo-a
2064 1903 2171 1946 oc-

549 1985 947 2050 currentibus
1007 1986 1417 2073 diphthongis
1472 1987 1616 2054 aliis
1672 1987 1752 2052 ab
1798 1988 1821 2047 i
1858 1983 2171 2070 incipien-

544 2084 740 2166 tibus,
799 2096 955 2171 puta
1017 2089 1078 2150 ia
1139 2089 1247 2153 vel
1288 2091 1364 2172 ie,
1421 2098 1529 2155 aut
1578 2086 2007 2173 triphthongis
2064 2089 2170 2149 iau

548 2187 657 2252 v'el
686 2189 805 2269 ica,
832 2197 903 2252 ut
922 2187 1150 2274 Ρίαῂέ,
1197 2190 1349 2273 αῇε,
1382 2189 1583 2274 Ζοῇαἰ,
1632 2188 1841 2271 misal,
1885 2187 2167 2270 loljaute‚

550 2287 722 2371 ioiq‘e,
770 2289 1030 2373 ioff‘jeux,
1077 2291 1341 2375 ἰοῇαιιατ,
1392 2292 1463 2356 in
1491 2289 1851 2356 cuiusmodi
1880 2288 2171 2354 dictioni-

547 2390 671 2455 bus
736 2391 892 2457 vitio
959 2392 1312 2479 scripturae
1375 2391 1712 2479 tripliciter
1776 2389 2000 2455 vitiata
2052 2389 2172 2454 fuit

549 2492 1004 2577 pronuntiatio,
1057 2494 1226 2559 Nam
1255 2494 1368 2560 alii
1401 2494 1496 2559 sic
1517 2493 1643 2558 ista
1664 2491 1934 2557 efferunt
1953 2499 2171 2577 poste-

549 2592 718 2658 riore
772 2595 796 2654 i
849 2594 1036 2675 eliso,
1109 2595 1242 2660 acsi
1302 2594 1606 2682 scriptum
1675 2601 1849 2659 esset
1894 2592 2171 2675 joi-eux,

552 2693 759 2774 loi·al,
805 2697 1058 2778 moi-en,
1092 2696 1319 2781 plui-e.
1405 2694 1562 2776 Alii,
1606 2703 1676 2759 ut
1717 2693 1985 2775 Aurelii,
2035 2716 2172 2759 cor-

550 2795 918 2882 ruptissime
969 2796 1291 2882 posterius
1346 2799 1371 2859 i
1419 2795 1834 2883 pronuntiant
1896 2803 1967 2860 ut
2021 2817 2173 2860 con·

555 2906 919 2981 sonantem,
999 2898 1209 2985 priore
1274 2900 1299 2960 i
1360 2906 1675 2984 expuncto
1693 2948 1709 2979 ,
1781 2896 1926 2979 affy‘e,
1978 2896 2168 2979 jo-je,

555 2999 824 3081 io-jeux‚
869 2999 1068 3083 lo-jal,
1114 3022 1272 3086 quas
1316 2999 1707 3087 prolationes
1753 3020 1974 3064 omnes
2021 3019 2171 3063 con·

558 3110 686 3168 stat
712 3103 979 3169 vitiosas
1012 3124 1174 3184 esse,
1220 3111 1282 3167 et
1310 3100 1486 3166 illam
1512 3123 1729 3165 veram
1756 3099 2174 3186 prolationem

555 3203 957 3268 retinendam
1005 3205 1074 3270 in
1129 3226 1255 3289 qua
1298 3201 1728 3287 diphthongus
1773 3200 2024 3286 gemina
2067 3208 2175 3264 aut

561 3305 993 3390 diphthongus
1051 3312 1116 3370 et
1154 3302 1606 3390 triphthongus
1653 3301 1948 3366 distincte
1996 3300 2174 3365 audi·
