2634 3992
523 359 631 442 ν82
974 357 1053 412 De
1088 358 1256 414 literis
1294 361 1706 430 quiescentibus.
1774 363 1837 418 T.

546 511 819 594 histoire,
878 513 1120 599 legis-te,
1165 512 1453 598 sophiste
1494 523 1558 580 et
1601 514 1850 582 similia.
1922 515 2176 604 Excipe

541 614 733 701 giste,
773 614 945 699 quod
975 613 1207 679 dicitur
1236 614 1495 701 proprie
1541 615 1621 682 de
1662 615 1806 683 loco
1849 618 1962 683 ubi
2006 617 2178 684 iacet

545 715 732 801 lepus
789 736 907 781 seu
958 715 1155 781 cubili
1210 715 1472 801 leporis.
1556 715 1718 782 Item
1774 717 2178 805 excipiuntur

549 837 771 882 omnes
813 817 1132 882 secundae
1160 838 1477 901 personae
1522 817 1803 902 plurales
1846 819 2179 905 praeteriti

546 915 814 1003 perfecti
881 916 1196 1002 simplicis
1281 916 1654 983 desinentes
1717 919 1787 983 in
1858 922 2006 983 isles
2022 971 2039 1001 ‚
2106 928 2178 986 ut

528 1016 742 1103 fetes,
790 1019 1026 1080 ouistes
1069 1025 1132 1082 et
1176 1016 1433 1083 similia.

671 1117 1108 1184 Praecedente
1151 1142 1186 1181 o
1246 1118 1547 1204 quiescit,
1611 1126 1681 1181 ut
1726 1127 1912 1200 oster,
1967 1119 2172 1205 hoste,

548 1226 737 1301 coste,
796 1228 1029 1301 nostre,
1084 1228 1314 1284 vostre.
1400 1218 1651 1304 Excipe
1684 1227 1894 1304 poste,
1922 1230 2174 1305 poster,

540 1319 868 1407 postium,
927 1319 1168 1402 ostede,
1215 1344 1381 1407 quae
1425 1329 1526 1387 est
1568 1319 1819 1407 species
1860 1328 2172 1388 texturae.

546 1420 711 1488 Item
778 1423 1052 1508 quiescit
1112 1423 1537 1508 praecedente
1605 1445 1706 1505 ou,
1771 1429 1842 1486 ut
1905 1429 2174 1505 coaeter,

550 1533 825 1603 crouste,
852 1533 1140 1611 gousler.

673 1624 1111 1691 Praecedente
1185 1648 1226 1687 ιι
1298 1625 1777 1712 pronuntiatur,
1850 1630 1921 1688 ut
1991 1624 2178 1707 iuste,

548 1725 785 1805 ιίιείἱεε,
832 1726 1111 1811 iustfier,
1165 1735 1395 1807 mestre,
1451 1749 1619 1813 quae
1670 1749 1800 1791 vox
1848 1732 1947 1790 est
1989 1732 2178 1790 vetus

553 1820 810 1888 Gallica
862 1830 927 1889 et
968 1826 1291 1910 significat
1339 1828 1665 1893 hominem
1706 1834 1943 1891 temere
1984 1847 2178 1891 ruen-

551 1932 711 2006 tem,
755 1948 988 2011 vagum
1034 1933 1097 1991 et
1135 1927 1562 1992 temerarium.

1221 2079 1338 2154 De
1403 2077 1482 2152 T.

678 2229 866 2297 Haec
891 2231 1078 2296 litera
1101 2231 1336 2296 finiens
1388 2229 1762 2311 dictionem,
1810 2250 1848 2292 a
1892 2246 2177 2311 quacun-

553 2354 678 2418 que
707 2341 1097 2399 consonante
1125 2331 1396 2419 incipiat
1424 2352 1699 2417 sequens
1731 2326 1924 2393 dictio
1942 2377 1960 2410 ,
2006 2348 2176 2392 sem-

550 2456 669 2523 per
723 2435 1013 2520 quiescit.
1089 2432 1223 2519 Sed
1250 2433 1600 2500 videndum
1641 2428 1958 2517 inprimis,
2004 2436 2076 2493 ut
2118 2427 2178 2495 si

554 2558 831 2622 sequens
864 2535 1058 2601 dictio
1101 2534 1373 2620 incipiat
1417 2556 1456 2598 a
1497 2531 1709 2598 vocali
1723 2581 1740 2613 ,
1784 2531 1948 2596 haec
1988 2530 2178 2596 litera

549 2637 1039 2725 praecedentem
1089 2635 1324 2700 finiens
1376 2656 1523 2700 cum
1572 2634 1687 2699 illa
1747 2631 1961 2699 vocali
2022 2654 2178 2698 con-

549 2739 878 2824 iungatur,
931 2737 1115 2823 quasi
1156 2737 1239 2802 ad
1290 2737 1471 2802 illam
1514 2735 1861 2801 dictionem
1903 2756 2179 2819 sequen-

548 2847 678 2914 tem
707 2838 1071 2924 pertinens,
1112 2847 1182 2903 ut
1224 2838 1303 2901 ils
1347 2845 1495 2902 sont
1536 2837 1576 2899 ὰ
1620 2839 1767 2921 νηοί,
1817 2835 1988 2921 quod
2028 2856 2181 2921 pro-

549 2940 969 3007 nuntiandum
1022 2947 1122 3006 est
1174 2939 1363 3026 quasi
1404 2938 1711 3024 scriptum
1755 2936 1841 3003 sit
1882 2938 1907 2997 i
1945 2944 2065 2998 son
2110 2941 2178 2996 {a

551 3044 694 3106 moi.
780 3040 914 3109 Sed
950 3040 1022 3106 in
1065 3042 1298 3129 copula
1340 3050 1419 3123 et,
1467 3040 1635 3106 sicut
1676 3036 1829 3103 alibi
1874 3033 2175 3114 diximus,

555 3152 580 3206 t
631 3164 885 3229 semper
925 3143 1230 3229 quiescit,
1287 3142 1427 3208 sive
1472 3159 1835 3207 consonans
1879 3134 2016 3200 sive
2057 3155 2175 3198 vo-

553 3243 711 3323 calis
753 3251 1072 3329 sequatur.

2603 512 2617 733 ...ψ

2591 3810 2600 3817 ι
