2634 3992
1042 347 1122 401 De
1157 348 1477 403 accentibuS.
1980 353 2068 418 83

532 550 650 626 De
701 550 1102 624 Francicae
1156 551 1447 647 linguae
1499 554 1941 628 accentibus,

562 699 798 766 Franci
831 700 1045 766 nullos
1079 709 1382 765 accentus
1426 711 1680 784 notant,
1725 726 1849 769 nec
1892 714 2070 770 vete-

436 824 541 867 res
574 802 762 868 etiam
807 800 1043 869 Graeci
1085 802 1422 884 notabant,
1470 824 1546 868 ac
1590 827 1674 868 ne
1716 828 1890 871 nunc
1930 808 2069 892 qui·-

439 902 585 968 dem
616 903 854 968 Latini.
923 901 1047 967 Est
1090 901 1285 987 igitur
1326 925 1470 969 mos
1511 904 1638 970 iste
1679 928 1718 970 a
1758 929 2072 992 gramma-

437 1004 587 1069 ticis
623 1000 894 1071 Graecis
928 1002 1392 1086 Hebraeorum,
1438 1005 1682 1090 opinor,
1707 1007 2072 1073 imitatione

442 1106 836 1191 excogitatus
853 1156 869 1187 ,
928 1105 1208 1170 maximo
1265 1112 1436 1170 certe
1494 1127 1635 1171 cum
1690 1108 1929 1191 fructu,
1989 1132 2071 1175 ex

441 1228 566 1291 quo
599 1207 764 1273 disci
798 1230 837 1272 a
865 1206 1224 1271 nutricibus
1255 1205 1405 1270 illae
1435 1206 1695 1290 linguae
1726 1207 2070 1292 desierunt,

442 1307 499 1373 si
579 1309 767 1375 modo
850 1328 1041 1371 verus
1120 1304 1292 1370 illius
1369 1307 1849 1373 consuetudinis
1915 1332 2074 1375 usus

442 1418 824 1475 servaretur.
900 1405 1031 1472 Sed
1063 1405 1142 1469 de
1170 1405 1295 1470 hoc
1323 1405 1516 1491 longe
1547 1408 1824 1474 maximo
1870 1410 2074 1476 abusu

443 1508 625 1574 alias·
702 1507 872 1575 Sunt
904 1506 1014 1591 qui
1045 1505 1457 1588 contendant,
1502 1506 1572 1571 in
1598 1507 1912 1582 Francica
1953 1511 2077 1575 lin-

444 1632 572 1694 gua
631 1609 879 1672 nullum
945 1629 1091 1673 esse
1156 1606 1527 1672 accentibus
1580 1608 1812 1673 locum.
1911 1610 2080 1677 Sunt

446 1719 668 1774 contra
697 1707 806 1794 qui
847 1708 917 1773 in
957 1707 1272 1774 Francica
1310 1707 1533 1793 lingua
1573 1717 1762 1776 tonos
1804 1710 2072 1796 perinde

446 1819 517 1875 ut
573 1810 645 1875 in
700 1808 954 1877 Graeca
1015 1808 1236 1894 lingua
1292 1809 1705 1875 constituant.
1791 1810 2075 1899 Magnus

446 1919 547 1978 est
574 1919 983 1996 utrorumque
1029 1933 1231 1991 error,
1278 1910 1449 1996 quod
1489 1911 1645 1977 mihi
1686 1912 1876 1978 facile
1920 1934 2077 1980 con-

445 2034 745 2080 cessuros
818 2013 1116 2094 arbitror‚
1204 2011 1566 2097 quicunque
1650 2035 1837 2079 aures
1922 2036 2076 2080 suas

443 2122 686 2181 attente
731 2113 1187 2180 consuluerint.
1252 2111 1423 2177 Dico
1467 2112 1680 2197 igitur,
1726 2110 2080 2179 Francicae

440 2217 731 2304 linguae,
778 2224 850 2280 ut
886 2222 951 2280 et
979 2214 1271 2281 Graecae
1316 2220 1383 2277 et
1408 2211 1711 2293 Latinae,
1756 2214 1882 2279 duo
1929 2235 2082 2279 esse

441 2327 762 2403 tempora,
803 2316 1068 2402 longum
1109 2336 1338 2393 unum,
1383 2311 1649 2377 alterum
1691 2314 1916 2394 breve,
1971 2312 2079 2378 iti-

448 2418 718 2501 demque
756 2425 890 2482 tres
920 2426 1141 2498 tonos,
1186 2435 1422 2500 nempe
1465 2424 1749 2492 acutum,
1795 2437 2078 2500 gravem,

449 2517 903 2584 circunflexum
915 2565 933 2598 ,
985 2541 1119 2583 non
1172 2516 1263 2582 ita
1302 2523 1519 2581 tamen
1561 2524 1633 2580 ut
1671 2517 1741 2582 in
1785 2515 1916 2581 illis
1957 2514 2082 2579 lin-

449 2617 600 2704 guis
630 2619 1026 2686 observatos.
1091 2620 1360 2685 Acuunt
1387 2617 1559 2683 enim
1603 2616 1839 2684 Graeci
1884 2616 2082 2703 sylla-

446 2721 569 2786 bas
602 2728 738 2784 tum
764 2717 994 2805 longas
1024 2726 1160 2783 tum
1188 2720 1447 2800 breves,
1496 2727 1558 2784 et
1601 2719 1870 2785 Latinos
1913 2718 2082 2784 idem

451 2820 667 2897 facere
719 2841 951 2904 magno
1006 2841 1330 2885 consensu
1385 2820 1610 2885 volunt
1662 2818 2080 2906 grammatici,

454 2921 688 3008 quibus
730 2919 923 3007 plane
965 2942 1096 2985 non
1141 2919 1477 2985 assentior.
1551 2920 1683 2988 Sed
1723 2921 1846 2986 hac
1892 2919 1969 2984 de
2012 2940 2087 2982 re

458 3022 640 3089 alias.
677 2989 719 3095 ζ
728 3020 900 3086 Illud
955 3028 1167 3086 autem
1217 3029 1391 3086 certo
1437 3021 1735 3096 dixerim,
1792 3020 1888 3085 sic
1933 3040 2087 3084 con-

455 3146 713 3191 currere
777 3123 849 3186 in
875 3120 1216 3187 ·Francica
1276 3123 1502 3207 lingua
1549 3132 1775 3189 tonum
1830 3127 2090 3185 acutum

458 3246 610 3291 cum-
667 3233 956 3310 tempore
1006 3224 1228 3306 longo,
1285 3232 1357 3287 ut
1405 3223 1583 3290 nulla
1637 3222 1888 3310 syllaba
1939 3243 2090 3308 pro-

465 3323 734 3390 ducatur
805 3346 968 3411 quae
1041 3322 1260 3392 itidem
1332 3347 1463 3390 non
1533 3325 1883 3406 attollatur,
1964 3342 2093 3385 nec

1076 3448 1101 3459 .-
1331 3428 1336 3433 ·
1718 3425 1784 3479 6·
2059 3436 2066 3441 -
